3048 3978
1532 422 1627 466 128

629 564 923 615 Etherestofi
948 581 965 613 l
991 564 1198 630 Ingram
1221 564 1284 613 de
1308 563 1482 614 Toftes
1506 583 1522 613 t
1550 564 1781 614 William
1807 564 1869 614 de
1891 565 2160 631 Bradeleye
2186 582 2203 614 t
2229 565 2452 616 Richard
2473 566 2539 617 (19

630 663 761 712 Flex
787 680 804 711 t
823 662 1057 711 William
1080 662 1144 710 de
1167 661 1344 711 Toftes
1371 678 1383 711 ι
1412 662 1590 728 Hem-y
1611 662 1659 711 19
1685 662 1970 729 Chapeleyn
1997 681 2014 712 l
2038 663 2074 712 J
2076 663 2206 711 ohan
2233 663 2297 712 de
2319 663 2495 712 Heton
2521 673 2539 711 ὶ

629 762 664 809 J
666 761 793 809 ohan
816 761 880 810 de
905 761 1233 826 Scounessegh
1255 760 1513 809 [William
1537 761 1600 809 de
1613 760 1827 809 Yeth‘m
1848 783 1862 809 t
1884 762 1919 810 J
1922 761 2050 810 ohan
2074 762 2137 810 de
2153 761 2538 811 Malkarrestofit

630 859 865 906 VVautier
888 859 1123 923 Merpym
1144 858 1407 907 [Wautier
1433 858 1496 906 de
1519 858 1742 907 Holcote
1760 859 1821 907 tJ
1822 859 1950 906 ohan
1974 859 2021 908 le
2045 859 2319 908 Mareschal
2339 859 2534 909 tAdam

634 956 697 1003 de
720 955 985 1005 Rukelton
1011 972 1028 1002 l
1049 955 1281 1003 William
1316 956 1380 1004 de
1404 955 1732 1004 Prendrelath
1762 973 1773 1004 l
1800 956 1994 1005 Gilberf
2018 957 2197 1023 Mosyn
2223 974 2240 1004 l
2265 957 2454 1007 Gilberf
2475 957 2541 1005 fi'z

632 1053 857 1102 Beatriee
883 1070 899 1100 t
922 1053 1115 1101 Rober‘f
1137 1053 1200 1100 de
1222 1052 1481 1101 Edenh‘m
1509 1071 1525 1101 t
1550 1054 1585 1102 J
1588 1053 1716 1101 ohan
1739 1053 1788 1102 19
1812 1054 2067 1102 Senesehal
2090 1055 2153 1103 de
2174 1055 2211 1103 J
2213 1055 2501 1104 eddeworth
2527 1072 2539 1104 ι

632 1150 798 1198 Johan
823 1150 1004 1198 Knout
1028 1171 1043 1196 t
1069 1150 1242 1198 Adam
1279 1150 1342 1197 de
1364 1149 1634 1215 Rykeldofi
1661 1168 1678 1198 t
1703 1150 2005 1199 Alisaundre
2030 1152 2209 1217 Semys
2231 1170 2247 1200 t
2266 1152 2457 1202 Rober?
2480 1153 2542 1201 de

641 1246 939 1311 Huntelegh
966 1263 977 1296 ι
1005 1246 1238 1295 William
1274 1247 1336 1294 de
1359 1247 1687 1295 Prendrelath
1714 1266 1730 1296 t
1758 1248 1997 1296 Wautier
2018 1248 2065 1296 19
2091 1248 2243 1297 Clerk
2265 1249 2328 1297 de
2353 1249 2543 1298 Rokes-

633 1344 799 1409 burgh
826 1361 838 1393 l
863 1344 1035 1392 Adam
1071 1343 1118 1390 la
1151 1344 1352 1406 persone
1389 1344 1452 1392 de
1475 1344 1710 1392 Fouldoffi
1741 1361 1752 1393 l
1779 1345 1996 1410 Phelips)
2022 1346 2085 1394 de
2106 1346 2296 1395 Bridefi
2322 1364 2339 1394 l
2364 1347 2543 1411 Hem->⁸⁷

633 1442 696 1489 de
719 1442 967 1490 Hommes
992 1457 1010 1487 l
1035 1438 1229 1487 Robert
1251 1439 1314 1487 de
1338 1440 1513 1488 Toftes
1541 1458 1552 1489 ι
1580 1441 1753 1489 Adam
1787 1441 1835 1490 19
1859 1442 2083 1490 Taillour
2115 1443 2178 1491 de
2202 1443 2497 1492 Ceffeworth
2526 1461 2537 1492 ι

632 1538 896 1585 Frefkums
920 1536 982 1583 de
1006 1535 1290 1583 Laundeles
1312 1553 1323 1584 l
1346 1536 1536 1599 Rogier
1555 1537 1740 1585 Corbet
1761 1555 1778 1584 l
1797 1540 1829 1584 J
1831 1537 1960 1585 ohan
1985 1539 2323 1604 Benoughtyn
2343 1562 2358 1586 l
2375 1540 2410 1589 J
2412 1540 2541 1589 ohan

636 1636 828 1699 Comyn
852 1634 915 1682 de
940 1633 1277 1698 Skreesburgh
1305 1649 1317 1682 1
1344 1633 1577 1682 William
1606 1634 1668 1682 de
1692 1634 1920 1699 Fausyde
1946 1652 1963 1683 Ι
1989 1634 2179 1684 Rober‘f
2213 1636 2276 1683 de
2299 1636 2503 1702 Hawyk
2524 1655 2542 1684 ι

635 1731 809 1779 Patrik
829 1732 891 1780 de
910 1731 1256 1779 Blenkhansofi
1277 1748 1289 1780 l
1308 1731 1528 1779 Thomas
1552 1732 1615 1779 de
1631 1732 1667 1779 J
1669 1731 1972 1780 ohanneston
1993 1749 2003 1781 1
2024 1732 2231 1780 Kircrist
2249 1732 2313 1780 fiz
2330 1733 2509 1782 Patrik
2528 1751 2541 1782 ι

633 1830 848 1878 Thomas
889 1829 951 1877 de
977 1828 1249 1877 Cokeburn
1279 1845 1291 1877 ι
1316 1828 1551 1876 William
1584 1829 1917 1878 Ostherebure
1945 1847 1956 1879 ι
1984 1830 2176 1879 Βοὸ9ῐῖ
2200 1831 2263 1878 (19
2287 1830 2501 1879 Maleuii
2525 1849 2542 1879 Ι

634 1930 660 1974 e
706 1926 924 1974 Bernard
968 1926 1031 1974 de
1072 1925 1295 1974 Haudefi
1321 1943 1338 1973 t
1364 1925 1446 1973 del
1470 1925 1670 1973 Counte
1710 1926 1772 1974 de
1812 1926 2150 1992 Rokesburgh
2175 1950 2190 1975 l
2216 1928 2434 1977 Andreu
2481 1930 2545 1977 de

632 2026 819 2073 Bettofi
846 2041 857 2073 l
884 2023 1050 2073 Johan
1084 2024 1147 2072 de
1182 2023 1476 2071 Makeswell
1505 2040 1516 2072 ι
1547 2023 1719 2087 Syuan
1742 2023 1790 2072 19
1815 2024 1959 2073 Mare
1983 2043 2000 2073 l
2027 2026 2223 2091 Hughe
2257 2026 2320 2074 de
2358 2027 2544 2077 Foder-

633 2124 809 2187 ingeye
835 2139 847 2170 l
876 2121 1170 2170 Maucolum
1194 2121 1257 2169 de
1279 2122 1447 2187 Rosky
1474 2139 1490 2169 t
1517 2122 1812 2170 Maueolum
1836 2123 1902 2171 fiz
1928 2123 2224 2172 Maucolum
2249 2143 2266 2173 t
2292 2125 2457 2173 Johan
2482 2126 2545 2173 de

638 2220 816 2284 Lanyn
834 2236 850 2267 l
868 2218 1133 2267 Gillemoie
1158 2219 1388 2285 Makilyn
1408 2237 1423 2267 l
1439 2219 1473 2268 J
1477 2219 1605 2268 ohan
1629 2220 1692 2268 de
1716 2220 1994 2286 Kyntowar
2016 2239 2032 2268 l
2049 2221 2288 2271 Wautier
2311 2222 2375 2270 de
2399 2223 2546 2287 Kyn-

636 2317 827 2365 towhar
854 2334 866 2365 ι
894 2317 1189 2365 Maueolum
1213 2318 1276 2364 de
1301 2317 1531 2383 Kynbuk
1558 2335 1575 2365 l
1599 2317 1797 2366 Patrik·
1814 2318 1877 2366 de
1901 2318 2257 2383 Glend'eghrad
2282 2338 2299 2367 l
2324 2320 2544 2369 Thomas

637 2414 700 2462 de
725 2414 988 2479 Kyngarth
1016 2433 1032 2462 l
1060 2415 1245 2463 Mestre
1270 2415 1484 2463 Matheu
1509 2415 1572 2463 de
1596 2415 1810 2464 Munros
1833 2415 1968 2464 clerk
1997 2434 2008 2465 ι
2035 2417 2189 2465 Ysziaic
2211 2417 2274 2465 (19
2298 2418 2507 2466 Keluini
2528 2436 2539 2467 l

641 2512 779 2559 Lorn
803 2512 866 2559 de
889 2512 1218 2578 Ardebechey
1245 2530 1255 2561 1
1285 2513 1505 2561 Thomas
1540 2513 1699 2561 Tutte
1733 2513 1796 2561 de
1833 2513 2118 2562 Stratherne
2145 2532 2161 2562 l
2187 2541 2201 2554 ·
2228 2543 2240 2555 ·
2269 2543 2281 2554 ·
2307 2503 2545 2564 Pribress'e

638 2609 700 2657 de
725 2610 893 2658 Seinte
919 2610 1153 2658 Leonard
1168 2609 1318 2673 juxte
1340 2610 1388 2658 la
1410 2610 1511 2658 vile
1545 2609 1607 2658 de
1635 2610 1805 2659 Seinte
1838 2611 1874 2659 J
1876 2611 2004 2659 ohan
2041 2612 2103 2660 de
2127 2612 2284 2661 Perth
2312 2630 2329 2660 l
2353 2613 2546 2679 Rogier

641 2706 702 2753 de
729 2706 925 2771 Miggel
950 2723 968 2754 t
993 2706 1188 2755 Gilberf
1222 2707 1284 2755 de
1319 2707 1532 2756 Thoruk
1556 2725 1574 2755 t
1600 2707 1827 2773 Keschyn
1853 2708 2052 2757 Gilerist
2078 2727 2095 2757 l
2121 2709 2316 2775 Hughe
2349 2711 2412 2759 de
2430 2707 2546 2760 Bel-

645 2803 857 2867 menagb
883 2822 899 2851 l
926 2804 1075 2852 Malis
1132 2805 1195 2853 de
1252 2805 1519 2854 Moliofard
1543 2822 1560 2853 l
1586 2805 1703 2870 Ego
1757 2806 1821 2853 de
1879 2805 2173 2855 Strathhach
2201 2824 2212 2856 t
2238 2808 2428 2857 Rober?
2483 2809 2546 2855 de

645 2899 901 2949 Stratherfi
929 2918 940 2949 ι
969 2901 1196 2966 Monagh
1233 2903 1296 2950 fiz
1338 2902 1513 2968 Alpyn
1539 2920 1556 2950 l
1582 2903 1776 2952 Morice
1816 2903 1879 2951 de
1915 2903 2041 2967 Tiry
2067 2920 2079 2952 ι
2108 2904 2282 2951 Conan
2315 2904 2379 2952 de
2402 2905 2546 2953 Bith-

642 2996 808 3044 weder
834 3014 849 3043 l
875 2997 1155 3061 Margarete
1190 2999 1236 3046 19
1277 3000 1497 3066 Engleys
1523 3017 1539 3047 t
1568 2999 1770 3048 Haldan
1808 2999 1871 3048 de
1910 2999 2138 3048 Ernester
2164 3016 2176 3048 ι
2205 2999 2436 3048 William
2479 3002 2545 3050 de

650 3093 848 3142 Morref
864 3093 926 3140 de
948 3093 1238 3160 Tulybardy
1264 3113 1279 3143 t
1305 3098 1332 3144 9
1356 3097 1632 3146 Maleolum
1655 3097 1719 3146 de
1743 3095 1999 3147 stratherfi
2022 3095 2176 3145 Clerk
2202 3113 2214 3145 ι
2240 3071 2329 3145 del'
2345 3098 2546 3148 Counte

646 3190 709 3239 de
733 3189 889 3239 Perth
911 3188 1041 3237 saluz
1059 3217 1071 3230 ·
1108 3190 1216 3238 Pur
1239 3207 1324 3240 ceo
1347 3209 1410 3257 qe
1431 3210 1558 3243 nous
1581 3195 1744 3244 sumes
1765 3208 1932 3241 venuz
1955 3192 1983 3240 zi
2004 3191 2052 3241 la
2074 3192 2143 3240 foi
2166 3194 2194 3241 έ
2219 3194 2246 3240 a‘.
2269 3193 2316 3242 la
2338 3195 2547 3245 volunte

647 3288 718 3337 du
743 3285 984 3336 tresnoble
1005 3287 1186 3336 Prince
1222 3289 1250 3336 9
1285 3290 1445 3338 nostre
1485 3292 1621 3341 chier
1658 3290 1902 3356 Seigneur
1922 3307 1935 3339 l
1955 3290 2061 3340 Sire
2100 3290 2323 3341 Edward
2347 3309 2366 3341 t
2389 3309 2479 3359 par
2499 3294 2550 3344 la
