3048 3978
1537 506 1631 554 152

632 652 798 718 Eglise
843 652 907 700 de
957 648 1270 701 Aldcambus
1297 667 1308 700 1
1336 651 1526 700 Robert
1581 651 1645 699 de
1697 647 1995 716 Stychehufl
2021 667 2037 698 l
2064 647 2212 700 Nicol
2265 646 2421 700 Perre
2476 649 2548 701 de·

631 750 857 799 Bonekel
875 767 886 799 l
904 749 1127 798 Bernard
1168 749 1231 797 de
1271 749 1476 815 Lynto‘t‘i
1509 749 1713 814 persone
1737 748 1818 797 del
1857 748 2026 813 Eglise
2066 748 2130 796 de
2170 747 2503 813 Mordingtofi
2523 764 2541 797 1

633 850 806 898 Huwe
827 848 875 896 le
898 849 963 897 fiz
987 847 1159 895 Adam
1182 847 1245 896 de
1271 847 1453 896 Hiltofi
1473 864 1484 896 ι
1506 847 1792 912 Margarete
1823 845 1872 894 la
1903 845 2033 894 fielle
2055 844 2204 894 Nicol
2238 845 2302 893 de
2325 845 2546 895 Rother-

629 947 769 995 ford!
793 949 908 996 Sare
929 946 978 994 la
999 945 1129 994 fielle
1152 946 1370 994 Thomas
1395 945 1593 1011 Freysel
1612 962 1622 993 ι
1641 946 1674 994 J
1677 944 1806 993 ohan
1841 945 1904 993 de
1939 916 2163 992 Lodiloem
2185 962 2202 992 ι
2218 943 2449 993 Randolf
2477 943 2541 991 de

631 1046 810 1111 Creyes
829 1067 843 1092 t
861 1045 896 1093 J
899 1044 1027 1092 ohan
1053 1043 1273 1109 Gurleye
1293 1061 1309 1091 t
1326 1043 1441 1091 Eliz
1465 1043 1547 1091 del
1571 1043 1748 1109 Molyn
1768 1061 1785 1091 l
1798 1042 2028 1091 William
2048 1043 2111 1091 de
2126 1042 2345 1092 Chattofi
2360 1040 2541 1090 vicaire

631 1142 713 1191 del
735 1142 904 1207 Eglise
927 1142 990 1190 de
1012 1141 1258 1189 Ederh‘m
1278 1159 1294 1188 t
1311 1141 1530 1188 Thomas
1555 1140 1852 1189 Derchestre
1882 1140 1963 1188 del
1984 1141 2182 1188 Counte
2205 1140 2268 1188 de
2291 1138 2541 1204 Berewyk

628 1239 761 1287 saluz
783 1265 795 1280 ·
863 1239 972 1287 Pur
995 1254 1080 1287 ceo
1118 1241 1220 1303 [ᾀε.
1245 1245 1300 1286 ut
1320 1239 1515 1304 supra]
1585 1238 1791 1286 Donees
1829 1241 1931 1303 [35⁶·
1957 1242 2011 1286 ut
2032 1239 2230 1302 supra]

631 1423 777 1485 Item
841 1434 890 1481 A
913 1438 1032 1480 touz
1056 1447 1198 1481 ceaus
1221 1431 1311 1495 qui
1334 1432 1482 1480 cestes
1504 1431 1674 1479 lettres
1697 1438 1900 1480 verront
1934 1449 2001 1481 ou
2030 1439 2201 1481 orront
2222 1449 2233 1481 ι
2257 1432 2449 1482 Βοὺ6τῖ
2471 1432 2535 1480 (16

628 1530 895 1593 Hastinges
916 1546 932 1575 t
950 1528 1121 1576 Adam
1159 1527 1222 1575 de
1259 1526 1532 1575 Pendenan
1559 1549 1574 1573 l
1601 1528 1638 1576 J
1638 1527 1769 1575 ohan
1815 1527 2066 1593 Flemynf'}
2090 1545 2108 1575 l
2133 1528 2433 1577 Erehebaud
2477 1528 2541 1576 de

625 1626 847 1675 Morref1
870 1625 1102 1674 William
1126 1625 1189 1672 de
1213 1624 1438 1689 Apeltofi
1455 1643 1471 1673 t
1489 1625 1525 1674 J
1527 1624 1656 1672 ohan
1697 1624 1760 1672 de
1798 1625 1958 1673 Hatai
1974 1642 1990 1672 t
2005 1625 2041 1674 J
2043 1624 2172 1672 ohan
2207 1625 2271 1672 de
2296 1625 2506 1673 Meldon
2523 1643 2543 1673 ι

626 1724 857 1774 William
881 1722 1301 1788 Wymundesone
1318 1739 1334 1769 l
1352 1723 1613 1785 Laurenqe
1638 1721 1806 1770 Fresel
1823 1739 1839 1769 t
1858 1722 1893 1770 J
1895 1722 2024 1769 ohan
2056 1721 2212 1786 Hope
2228 1739 2245 1769 Ι
2265 1721 2536 1770 Malcolom

624 1821 1082 1871 Erchebaudeffone
1100 1821 1344 1870 [Thomas
1363 1820 1606 1887 Buntyng
1618 1836 1628 1868 ι
1641 1819 1827 1868 Osbern
1848 1820 2080 1869 Chartres
2097 1819 2356 1869 [William
2372 1819 2541 1868 Baretr

628 1921 845 1970 Thomas
883 1919 947 1966 de
986 1918 1255 1982 Ledyorde
1280 1935 1297 1965 l
1322 1917 1623 1966 Alisaundre
1659 1917 1846 1984 Dudyn
1875 1935 1891 1965 l
1928 1918 2163 1966 Laurenz
2198 1923 2302 1966 atte
2339 1918 2542 1966 Bouret

624 2018 771 2069 Nicol
792 2019 949 2067 Kerre
968 2035 983 2064 l
1002 2016 1214 2065 Andreu
1239 2015 1288 2063 16
1313 2015 1477 2065 Seeler
1503 2033 1519 2063 l
1536 2015 1787 2064 Esteuene
1811 2016 1874 2064 de
1896 2015 2199 2082 Glenwhym
2219 2035 2236 2065 l
2254 2015 2474 2065 Thomas
2495 2016 2542 2064 le

623 2116 826 2165 Louerd
844 2134 860 2164 t
876 2114 1094 2164 Bernard
1117 2114 1180 2162 de
1203 2113 1458 2163 Mouhaut
1478 2131 1495 2161 t
1516 2113 1823 2163 Alisaundre
1846 2114 1909 2163 de
1932 2114 2192 2180 Droghkil
2210 2132 2226 2163 t
2242 2114 2400 2164 Jacob
2415 2115 2541 2164 Fre-

624 2230 741 2262 man
770 2231 780 2263 ι
808 2215 842 2263 J
845 2213 972 2261 ohan
1020 2212 1388 2261 Gilberdefl'one
1413 2229 1431 2260 t
1457 2212 1630 2261 Adam
1676 2212 1878 2277 Louely
1903 2230 1921 2260 l
1945 2212 2181 2262 William
2235 2212 2285 2265 le
2329 2213 2502 2262 Vache
2521 2230 2538 2260 ι

626 2312 805 2362 Cristin
830 2311 1060 2360 Lockard
1083 2329 1094 2360 t
1114 2311 1312 2359 Gilbert
1347 2310 1504 2359 Darel
1531 2328 1548 2358 l
1572 2310 1739 2360 Johan
1764 2311 1870 2377 Eyr
1893 2311 1956 2359 de
1981 2311 2296 2376 Mespennon-
2316 2327 2328 2360 ι
2348 2311 2542 2360 Βοῦθτῖ

624 2411 688 2458 (16
711 2410 1023 2474 Threpeland
1045 2427 1055 2458 ι
1079 2409 1328 2458 Esteuene
1351 2409 1414 2457 de
1440 2409 1736 2458 Steuenston
1762 2408 2022 2458 1William
2045 2410 2107 2456 de
2131 2409 2261 2456 Erth
2283 2426 2293 2458 ι
2313 2408 2546 2458 William

626 2508 809 2556 Frifith
834 2526 850 2556 l
867 2508 1066 2557 Anable
1111 2508 1174 2557 de
1215 2508 1432 2557 Cambos
1459 2525 1475 2555 t
1502 2507 1583 2556 del
1616 2512 1812 2563 ‘counte
1858 2507 1921 2555 de
1969 2506 2176 2555 Pebbles
2201 2524 2217 2555 t
2241 2507 2435 2556 Roberf
2479 2507 2542 2555 de

624 2607 792 2655 Betun
816 2624 831 2654 t
848 2607 878 2656 J
885 2606 1013 2654 ohan
1037 2607 1099 2654 de
1124 2607 1279 2655 Arrat
1299 2629 1314 2653 ι
1336 2605 1572 2655 William
1591 2607 1654 2654 de
1679 2605 1957 2654 Mouncref
1966 2623 1982 2653 l
2002 2605 2225 2655 Richard
2266 2605 2500 2654 Muschet
2525 2622 2543 2653 l

624 2704 841 2753 Thomas
886 2705 949 2752 de
992 2705 1319 2771 Rammeseye
1345 2722 1362 2753 l
1385 2704 1554 2753 Dauid
1611 2703 1674 2752 de
1720 2703 2016 2769 Enrepeffre
2041 2722 2058 2753 l
2084 2703 2166 2752 del
2223 2703 2424 2752 Counte
2479 2702 2542 2751 de

624 2802 837 2867 Anegoz
861 2802 1018 2851 'saluz
1040 2831 1050 2843 ·
1100 2804 1209 2852 Pur
1231 2819 1317 2851 ceo
1352 2806 1458 2869 [ᾀο.
1481 2806 1536 2851 ut
1562 2803 1761 2869 supra]
1800 2803 2006 2851 Dondes
2044 2804 2148 2868 [53⁶-
2172 2809 2228 2851 ut
2247 2800 2443 2867 supra]

615 2983 760 3044 Item
836 2998 889 3044 A
913 3003 1036 3046 touz
1066 3014 1209 3047 eeaus
1232 3001 1322 3065 qui
1362 3000 1512 3049 eestes
1533 3000 1705 3049 lettres
1728 3004 1929 3049 verront
1953 3014 2021 3048 ou
2043 3001 2216 3046 orront
2231 3013 2249 3045 ι
2266 2995 2432 3046 Johan
2458 2995 2541 3044 del

627 3091 720 3139 Ille
748 3109 759 3140 l
799 3091 879 3139 del
917 3093 1114 3141 Counte
1159 3095 1224 3142 de
1263 3097 1509 3163 Berewyk
1534 3115 1551 3146 l
1576 3096 1758 3145 Patrik
1801 3096 1865 3144 de
1908 3093 2151 3145 Berkelee
2196 3092 2415 3142 chiualer
2459 3092 2545 3141 del

621 3190 820 3238 Counte
866 3190 930 3237 de
976 3190 1397 3242 Lanarszohan
1433 3195 1497 3242 de
1544 3194 1955 3259 Schutlyntofite
1996 3191 2165 3241 Johan
2201 3190 2398 3241 Giffard
2422 3191 2541 3241 Chi-

621 3287 799 3336 ualiers
817 3304 834 3335 l
855 3286 936 3335 del
960 3287 1160 3336 Counte
1182 3289 1245 3338 de
1268 3290 1612 3358 Edeneburgh
1632 3310 1650 3341 t
1668 3290 1904 3341 William
1939 3290 2004 3340 de
2026 3289 2398 3356 Gobynsekegh
2421 3307 2438 3338 t
2457 3289 2546 3345 (161

621 3383 819 3433 Counte
855 3384 916 3433 de
940 3385 1270 3436 AretAdam
1311 3389 1375 3438 de
1411 3390 1591 3440 Horde
1609 3407 1621 3441 ι
1640 3389 1722 3439 (161
1757 3388 1959 3447 Counte
1998 3389 2062 3438 de
2099 3387 2529 3438 Pebbleszsaluz·
