3048 3978
1403 438 1470 492 25

471 594 692 660 nonante
725 588 931 640 seconde
957 583 1022 640 16
1059 587 1131 639 du
1168 582 1323 653 regne
1360 587 1408 637 16
1443 587 1521 637 dit
1556 604 1679 637 mon
1719 588 1915 654 seignor
1952 590 2000 640 16
2033 585 2136 642 R'oi
2166 586 2395 643 Edward·

470 689 704 738 vintisme
739 689 899 738 finant
936 690 965 736 ἐ
1002 687 1051 736 16
1094 686 1330 736 vintisme
1374 702 1446 735 un
1493 693 1817 736 comenceant
1843 705 1860 736 l
1885 705 1948 737 en
1994 689 2042 738 la
2087 681 2262 756 fisence
2301 691 2388 741 des

474 781 801 836 honeurables
824 786 982 852 pieres
1011 784 1241 835 William
1263 785 1322 834 16
1343 784 1538 834 Roberi
1572 784 1635 854 gie
1666 786 1807 834 Seint
1830 786 2045 836 Andreu
2068 790 2096 837 6
2120 790 2183 838 de
2206 790 2387 839 Glascu

473 880 671 950 evesqes
697 902 714 934 t
739 885 802 933 de
833 884 871 933 J
871 883 1002 932 ohan
1035 888 1202 931 comte
1236 882 1300 930 de
1336 881 1548 947 Boghafl
1577 900 1593 930 l
1611 882 1848 932 William
1894 891 2060 933 comte
2096 887 2159 935 de
2196 888 2344 937 Ross'e
2372 905 2385 938 l

470 977 651 1032 Patrik
686 987 851 1032 comte
884 981 948 1030 de
982 981 1032 1029 la
1071 980 1282 1030 Marche
1302 998 1320 1029 l
1337 980 1577 1029 Wautier
1612 987 1778 1030 comte
1813 982 1876 1030 de
1913 982 2170 1032 Meinteth
2189 1002 2200 1034 l
2218 986 2255 1034 J
2256 1003 2390 1036 ames

474 1081 753 1132 Seneschal·
773 1076 995 1130 Descoce
1020 1097 1038 1128 l
1064 1079 1367 1128 Alisaundre
1403 1079 1468 1127 de
1503 1079 1693 1145 Ergayl
1719 1097 1736 1128 t
1761 1080 2028 1129 Alisandre
2069 1082 2132 1130 de
2171 1083 2352 1132 Baillol
2371 1103 2389 1133 l

471 1180 680 1245 Seignor
706 1178 770 1227 de
793 1178 980 1227 Caures
1000 1196 1011 1228 l
1034 1176 1213 1227 Patrik
1237 1177 1301 1226 de
1326 1177 1541 1226 Grah‘m
1562 1195 1578 1226 t
1597 1179 1627 1226 ό
1651 1177 1714 1225 de
1736 1178 1960 1227 William
1984 1179 2047 1228 de
2074 1179 2215 1229 Seint
2239 1181 2354 1230 Cler
2373 1206 2388 1229 ι

466 1294 530 1327 en
553 1277 623 1329 les
657 1259 855 1342 paroles'
882 1278 1024 1326 soutz
1061 1277 1254 1345 escrites
1271 1303 1284 1316 ·
1339 1276 1444 1325 Ceo
1474 1276 1583 1325 oiez
1621 1292 1749 1325 vous
1785 1293 1908 1325 mon
1944 1278 2139 1343 seignor
2171 1279 2393 1329 Edward

466 1376 570 1425 Roi
595 1357 877 1442 DenglePre
914 1375 1125 1425 Sourain
1158 1376 1353 1440 seignor
1387 1374 1459 1423 du
1494 1374 1729 1423 Roialme
1753 1376 1974 1425 Descoce
1993 1394 2004 1426 l
2026 1394 2090 1442 qe
2115 1377 2202 1442 jeo
2224 1379 2260 1428 J
2262 1379 2391 1428 ohan

467 1474 531 1522 de
554 1474 734 1522 Baillol
758 1474 861 1523 Roi
881 1474 1103 1523 Descoce
1125 1490 1252 1523 vous
1274 1475 1379 1522 sace
1402 1473 1575 1522 foialte
1598 1473 1667 1522 du
1686 1474 1920 1523 Roialme
1938 1475 2160 1525 Descoce
2182 1476 2229 1525 le
2253 1478 2391 1542 quiel

458 1573 543 1638 jeo
566 1572 711 1622 tienk
734 1575 762 1622 6
785 1573 933 1621 cleim
956 1573 1088 1621 tenir
1112 1572 1175 1621 de
1198 1588 1324 1621 vous
1345 1594 1360 1619 t
1381 1588 1445 1637 qe
1471 1572 1557 1636 jeo
1579 1588 1706 1621 vous
1730 1572 1874 1620 serrai
1897 1572 2018 1621 foial
2042 1575 2070 1622 ό
2093 1574 2208 1624 loial
2231 1593 2248 1623 s
2265 1578 2293 1624 e
2315 1576 2388 1625 foi

466 1674 493 1720 e
515 1671 683 1719 loialte
706 1687 832 1720 vous
856 1671 1043 1736 portrai
1067 1666 1247 1719 de'vie
1281 1672 1309 1718 e
1343 1670 1407 1718 de
1440 1670 1647 1718 menbre
1682 1672 1710 1718 e
1744 1669 1811 1717 de
1842 1653 1975 1719 Prien
2001 1671 2196 1721 honeur
2219 1681 2390 1723 contre

464 1775 594 1818 totes
611 1775 763 1834 gentz
783 1769 872 1834 qui
895 1774 1109 1834 purront
1130 1769 1272 1817 vivre
1295 1769 1323 1816 ἑ
1346 1768 1501 1816 morir
1522 1785 1533 1817 ι
1555 1769 1583 1816 e‘
1605 1767 1864 1816 loialment
1883 1770 2178 1819 coneusstrei
2202 1788 2229 1819 e
2251 1771 2387 1821 loial-

465 1866 608 1917 ment
630 1884 756 1917 vous
778 1867 870 1915 frai
891 1866 961 1915 les
995 1866 1202 1915 services
1237 1865 1278 1914 a*
1299 1883 1426 1915 vous
1460 1866 1583 1914 dues
1618 1866 1688 1915 du
1715 1866 1948 1915 Roialme
1973 1868 2192 1918 Descoce
2214 1877 2388 1920 auant·

464 1963 569 2016 dite
592 1982 655 2015 en
678 1966 714 2014 fi
737 1982 820 2014 me
843 1966 953 2014 eide
976 1962 1142 2014 Dieus
1166 1967 1194 2014 6
1215 1981 1294 2014 ces
1316 1965 1495 2013 seintes
1519 1964 1816 2029 Eu‘fngeiles
1835 1994 1846 2006 ·
1897 1966 1981 2014 En
2018 1964 2386 2033 testnoignance

463 2066 526 2114 de
549 2065 675 2114 ceste
698 2064 840 2112 chose
866 2064 952 2128 jeo
986 2063 1033 2111 ai
1066 2063 1162 2110 mis
1197 2079 1226 2110 a
1260 2063 1357 2110 cest
1391 2063 1536 2110 escrit
1569 2079 1690 2133 rnon
1726 2063 1820 2110 seal
1853 2063 1901 2112 le
1934 2064 2073 2128 quiel
2096 2065 2183 2128 jeo
2206 2067 2252 2114 ai
2276 2065 2386 2116 vsez

455 2164 613 2228 jesqes
648 2177 710 2210 en
735 2177 820 2210 cea
841 2177 940 2226 pur
963 2176 1050 2209 ceo
1073 2176 1136 2224 qe
1151 2159 1238 2223 jeo
1261 2159 1442 2208 nauoie
1466 2175 1644 2207 encore
1667 2166 1810 2207 autre
1832 2160 1931 2208 seal
1953 2161 2044 2208 fait
2067 2162 2249 2211 desouz
2273 2164 2385 2213 title

461 2265 490 2311 e
513 2278 633 2311 nom
658 2261 721 2308 de
743 2261 849 2309 Roi
865 2287 877 2300 ·
928 2257 1342 2307 Ensemblement
1374 2273 1437 2306 en
1472 2258 1842 2322 tesmoignance
1866 2258 1928 2306 de
1951 2258 1999 2306 la
2021 2258 2190 2308 foialte
2212 2269 2387 2312 auant-

460 2361 565 2410 dite
603 2359 704 2408 enfi
738 2359 860 2408 faite
879 2376 895 2407 l
913 2374 992 2407 ces
1015 2358 1214 2422 evesqes
1234 2379 1249 2404 l
1268 2362 1456 2406 comtes
1479 2373 1537 2405 16
1561 2356 1740 2405 barons
1760 2374 1770 2406 ι
1794 2359 1821 2405 e
1845 2364 2012 2406 autres
2036 2358 2207 2408 nobles
2242 2361 2384 2411 desus

460 2462 664 2509 nomees
687 2464 815 2507 ount
839 2458 934 2506 mis
955 2457 1066 2506 leur
1087 2457 1204 2505 seals
1235 2473 1263 2504 a
1301 2456 1399 2505 cest
1432 2445 1575 2521 fisent
1606 2456 1749 2505 escrit
1767 2484 1778 2496 ·
1834 2457 2018 2506 Donez
2043 2458 2070 2506 ὅ.
2096 2458 2313 2508 Νοῐὴῆη
2338 2461 2384 2510 16

450 2559 569 2624 jour
591 2561 619 2607 6
641 2558 723 2607 lan
747 2557 1010 2606 auantditz
1031 2584 1041 2596 ·

460 2743 645 2819 Q'uiby,
684 2761 744 2804 ut
783 2745 1047 2820 §mittitur
1084 2754 1224 2803 factis
1257 2754 1518 2803 mandavit
1553 2753 1719 2802 dictus
1760 2752 1963 2802 domin9
1997 2754 2117 2804 Rex
2151 2756 2343 2822 Anglie
2364 2776 2380 2806 1

463 2855 682 2905 eundem
721 2854 932 2903 dominfi
967 2853 1148 2902 Johem
1190 2853 1254 2901 de
1289 2852 1501 2902 Balliolo
1536 2852 1737 2918 Regem
1774 2853 1959 2912 Scotmp
1994 2853 2047 2901 in
2082 2855 2386 2920 corporalem

456 2955 682 3019 poffoem
721 2953 864 3019 regni
907 2953 1075 3003 Scocie
1114 2952 1239 3002 ficut
1271 2953 1424 3001 moris
1464 2951 1534 3000 est
1571 2951 1709 3017 apud
1744 2933 2068 3000 MonasPium
2114 2952 2178 3001 de
2226 2954 2383 3004 Scona

454 3051 608 3118 juxta
642 3049 829 3101 villam‘
864 3051 944 3102 S'c‘i
988 3051 1134 3101 Johis
1169 3050 1234 3099 de
1269 3050 1428 3100 Perth
1464 3051 1553 3099 suo
1597 3049 1802 3098 nomine
1840 3049 2014 3099 induci
2038 3068 2057 3099 l
2080 3070 2112 3115 p
2157 3025 2384 3102 veffobile

455 3155 649 3219 patrem
687 3150 810 3199 dfim
848 3151 1085 3200 Antonifi
1132 3150 1235 3199 Dei
1280 3152 1370 3215 gfa
1415 3147 1650 3198 Dunolffi
1688 3148 1803 3213 esim
1830 3165 1842 3198 l
1869 3153 1922 3196 et
1954 3148 2176 3199 nobilem
2209 3151 2377 3200 virum

460 3249 671 3298 dominii
709 3250 747 3300 J
747 3249 895 3299 obem
928 3248 992 3298 de
1027 3249 1120 3299 Sco
1152 3249 1189 3298 J
1190 3248 1285 3297 ohe
1317 3248 1515 3297 racione
1547 3246 1846 3310 supioritatis
1880 3252 1932 3295 et
1972 3247 2148 3297 directi
2171 3248 2375 3312 dominij

460 3345 537 3397 sui
568 3346 711 3412 regni
750 3337 928 3412 &libati
961 3352 1013 3396 et
1050 3347 1104 3396 in
1144 3345 1259 3395 sede
1290 3346 1377 3395 sua
1407 3344 1564 3410 regali
1587 3343 1742 3412 juxta
1773 3344 1904 3409 ipius
1937 3346 2082 3411 regni
2120 3346 2376 3395 consuetu-

1378 3455 1417 3492 D
