3048 3978
1424 392 1520 442 117

510 532 678 596 requis
701 546 768 580 ou
792 532 963 597 garniz
987 531 1052 580 de
1072 547 1162 596 par
1183 535 1273 580 nfe
1296 532 1540 596 Seigneur
1562 529 1611 579 le
1634 529 1738 578 Roi
1758 512 2039 595 DenglePre
2062 530 2295 581 auantdit
2315 548 2333 580 t
2352 546 2421 580 ou

509 610 599 694 par
621 630 691 677 ses
714 628 844 678 heirs
870 645 882 679 ι
908 645 937 678 6
953 645 1018 695 qe
1038 644 1167 678 nous
1188 627 1300 677 leur
1321 628 1533 692 damage
1555 642 1620 675 ne
1641 627 1858 675 sauroms
1882 643 1944 692 qe
1967 644 2095 677 nous
2128 628 2207 677 nel
2242 628 2423 676 destor-

511 725 682 775 beoms
705 743 734 774 a
755 732 834 775 tot
855 731 946 775 υἷε
965 742 1086 791 poer
1112 743 1124 775 ι
1152 728 1180 774 e
1202 725 1250 774 16
1271 724 1382 775 leur
1403 725 1617 773 faceoms
1640 724 1667 772 a
1690 724 1849 772 sauoir
1869 751 1880 764 ·
1934 726 1982 774 E
2019 726 2046 773 ἔι
2080 726 2228 774 cestes
2262 726 2425 774 choses

510 825 641 872 tenir
662 825 690 872 ἑ
712 823 889 889 garder
912 841 930 871 t
954 839 1082 872 nous
1115 822 1392 888 obligeoms
1426 838 1554 870 nous
1589 823 1618 870 ό
1651 837 1742 869 nos
1775 821 2064 870 succefl'ours
2089 840 2107 869 l
2133 824 2160 870 ἑ
2184 829 2302 871 touz
2335 839 2425 871 nos

511 920 651 970 biens
679 938 690 970 ι
718 924 746 970 e
780 927 925 970 outre
959 937 1046 970 ceo
1079 936 1253 969 auoms
1279 920 1426 984 jurez
1461 920 1543 967 sur
1578 918 1771 967 Seintes
1794 917 2089 983 Eu‘ngeiles
2112 947 2123 958 ·
2174 920 2316 968 Estre
2340 936 2426 968 ceo

508 1033 636 1067 nous
659 1024 779 1068 touz
798 1036 815 1066 t
830 1020 858 1067 ὁ
883 1018 1093 1068 chescun
1116 1018 1180 1066 de
1203 1031 1331 1066 nous
1353 1033 1442 1082 par
1463 1017 1532 1064 soi
1555 1031 1730 1065 auoms
1752 1014 1843 1064 fait
1865 1015 2034 1064 feaute
2057 1016 2084 1063 a
2107 1019 2195 1063 n're
2218 1017 2426 1081 Seignor

507 1115 555 1164 le
577 1116 682 1165 Roi
720 1107 950 1165 auantdit
975 1133 993 1164 l
1017 1132 1080 1165 en
1121 1115 1269 1164 cestes
1306 1114 1496 1180 paroles
1514 1142 1526 1155 ·
1563 1115 1662 1163 Jeo
1700 1114 1846 1163 serrai
1884 1112 1980 1162 feal
2014 1115 2041 1160 ἑ
2075 1112 2170 1161 leal
2194 1130 2210 1160 l
2236 1116 2263 1162 6
2297 1114 2367 1162 foi
2398 1118 2425 1161 e‘

506 1213 671 1281 leaute
693 1214 909 1279 porterai
931 1230 995 1262 au
1021 1214 1124 1263 Roi
1147 1212 1370 1262 Edward
1391 1213 1496 1262 Roi
1521 1193 1807 1277 DenglePre
1827 1228 1844 1259 Ι
1868 1213 1895 1260 e
1918 1228 1946 1259 a
1968 1211 2039 1259 ses
2064 1210 2192 1259 heirs
2219 1228 2236 1258 t
2260 1211 2323 1259 de
2346 1212 2427 1259 vie

506 1312 535 1358 6
558 1310 621 1358 (16
652 1311 858 1359 menbre
880 1312 908 1358 ἑ
932 1311 996 1360 (16
1016 1290 1151 1359 Prien
1173 1310 1369 1359 honeur
1391 1315 1561 1358 contre
1595 1315 1724 1357 totes
1757 1314 1911 1373 gentz
1931 1309 2022 1373 qui
2045 1315 2258 1373 purront
2282 1309 2425 1357 viure

505 1410 533 1455 e‘
556 1409 711 1456 morir
736 1426 753 1456 t
779 1410 807 1457 έ
822 1408 1036 1472 jammes
1059 1425 1158 1473 pur
1179 1407 1303 1473 nuly
1326 1423 1484 1456 armes
1507 1424 1571 1456 ne
1594 1407 1809 1472 porterai
1831 1423 1843 1455 l
1865 1421 1964 1454 nen
1989 1406 2168 1455 conseil
2191 1422 2289 1454 nen
2315 1407 2425 1455 eide

505 1521 569 1554 ne
572 1507 735 1581 ἐπεὶ
759 1512 930 1555 contre
951 1506 1002 1571 ly
1028 1524 1044 1553 l
1069 1522 1133 1553 ne
1156 1511 1326 1554 contre
1349 1506 1418 1553 ses
1443 1505 1571 1552 heirs
1606 1520 1667 1552 en
1703 1503 1795 1552 nul
1829 1519 1907 1551 cas
1931 1519 1993 1567 qe
2015 1509 2135 1568 poet
2158 1504 2330 1552 auenir
2355 1522 2371 1551 J
2396 1507 2423 1552 ἑ

504 1619 634 1652 nous
656 1604 726 1652 les
750 1604 928 1652 abbees
952 1603 1212 1651 auantditz
1240 1621 1256 1651 l
1283 1605 1310 1651 e
1333 1602 1544 1651 chescun
1579 1602 1642 1650 de
1675 1617 1803 1650 nous
1836 1617 1924 1666 par
1957 1601 2027 1648 soi
2055 1618 2066 1650 l
2093 1617 2156 1665 qe
2170 1600 2256 1664 jeo
2290 1601 2424 1650 leau-
2469 1659 2476 1669 .

504 1706 647 1749 ment
669 1701 968 1750 reconustrai
992 1704 1019 1750 έ
1042 1700 1298 1749 leaument
1320 1700 1412 1747 frai
1445 1699 1515 1747 les
1549 1700 1757 1754 seruices
1776 1717 1791 1747 t
1812 1715 1875 1763 qe
1898 1704 2189 1763 apartenent
2211 1715 2262 1746 as
2285 1705 2422 1748 tene-

504 1805 675 1848 mentz
700 1815 763 1864 qe
789 1799 874 1864 jeo
909 1799 1055 1847 cleim
1091 1799 1221 1846 tenir
1253 1798 1316 1846 de
1350 1797 1386 1846 li
1414 1814 1425 1846 l
1452 1797 1488 1845 fi
1514 1797 1653 1845 Dieu
1688 1813 1771 1844 me
1805 1797 1914 1845 eide
1938 1799 1965 1845 έ
1987 1796 2057 1844 les
2083 1797 2253 1845 Seintz
2280 1823 2291 1837 ·
2329 1797 2414 1845 En

503 1898 869 1963 tesmoignance
893 1897 978 1945 des
1002 1913 1163 1962 queus
1187 1896 1352 1945 choses
1379 1914 1395 1944 t
1420 1912 1550 1944 nous
1587 1910 1760 1943 auoms
1795 1894 1889 1942 fait
1921 1894 2041 1943 faire
2075 1895 2222 1943 cestes
2245 1895 2414 1943 lettres

503 2002 698 2045 ouertes
738 1995 914 2044 sealees
961 1995 1024 2043 de
1068 2010 1158 2043 nos
1205 2009 1413 2043 comuns
1458 1994 1594 2041 seaus
1625 2021 1636 2032 ·
1709 1993 1915 2041 Donees
1972 1995 2074 2058 [850.
2120 1999 2177 2041 ut
2218 1994 2415 2058 supra]

502 2178 643 2240 Item
661 2217 674 2230 ·
731 2192 787 2239 A
827 2196 948 2239 touz
991 2205 1135 2238 ceaus
1176 2189 1267 2254 qui
1308 2188 1456 2236 cestes
1498 2187 1667 2235 lettres
1703 2192 1907 2235 verront
1930 2202 1998 2234 ou
2021 2192 2192 2235 orront
2216 2204 2232 2234 Ι
2252 2188 2286 2236 J
2290 2188 2416 2236 ohan

500 2287 654 2337 Abbe
678 2288 741 2336 de
763 2290 795 2336 J
798 2286 1089 2337 eddeworth
1115 2305 1131 2335 l
1151 2289 1179 2335 6
1202 2287 1248 2334 16
1273 2286 1474 2335 Couent
1507 2285 1571 2332 de
1604 2285 1787 2332 mesme
1819 2284 1867 2331 16
1900 2284 1956 2332 lu
1979 2301 1990 2333 l
2014 2284 2256 2332 Willame
2290 2285 2414 2333 abbe

499 2387 564 2435 de
588 2386 883 2451 Drieburgh
903 2404 913 2435 l
934 2388 961 2435 6
983 2386 1031 2434 16
1047 2386 1249 2434 Couent
1272 2384 1335 2432 de
1358 2384 1544 2432 mesme
1567 2382 1614 2430 le
1636 2382 1691 2431 lu
1710 2400 1726 2430 t
1744 2382 1922 2431 Patrik
1944 2382 2067 2430 abbe
2092 2382 2154 2431 de
2178 2383 2384 2431 Meuros
2402 2402 2417 2429 s

503 2488 531 2534 έ
553 2485 601 2534 16
624 2486 826 2534 Couent
849 2487 910 2533 de
932 2484 1116 2533 mesme
1138 2483 1185 2531 le
1208 2482 1263 2531 lu
1287 2499 1297 2531 l
1317 2481 1540 2531 Richard
1575 2480 1701 2529 abbe
1731 2481 1794 2528 de
1819 2480 2043 2529 Kelshou
2067 2498 2077 2529 l
2097 2484 2124 2529 έ
2147 2481 2193 2529 16
2218 2481 2416 2530 Couent

501 2582 565 2630 de
586 2583 771 2631 mesme
792 2582 840 2630 16
861 2582 917 2630 lu
939 2581 1103 2631 'saluz
1125 2610 1136 2622 ·
1174 2581 1284 2629 Pur
1307 2596 1393 2629 ceo
1420 2583 1528 2646 [4550.
1554 2587 1611 2628 αι
1630 2579 1826 2645 supra]
1865 2579 1986 2627 Dofi
2014 2583 2116 2644 [430.
2142 2586 2198 2627 ut
2217 2580 2412 2644 supra]

501 2765 643 2828 Item
669 2805 681 2818 ·
740 2778 796 2826 A
831 2769 952 2827 touz
987 2793 1133 2826 ceaus
1167 2778 1259 2842 qui
1292 2777 1445 2826 cestes.
1474 2777 1646 2826 lettres
1680 2780 1884 2825 verront
1917 2791 1984 2823 ou
2008 2779 2178 2822 orront
2200 2791 2211 2823 l
2235 2774 2412 2838 Hem-y

500 2875 625 2924 abbe
662 2876 725 2924 de
747 2875 1099 2939 AbirbrOthok
1115 2892 1132 2924 1
1148 2878 1176 2925 e
1198 2875 1246 2924 le
1270 2876 1471 2925 Couent
1511 2875 1574 2923 de
1596 2875 1780 2923 mesme
1803 2873 1849 2921 le
1871 2872 1927 2921 lu
1948 2889 1959 2922 ι
1979 2871 2211 2921 William
2230 2871 2412 2920 PrIOur

499 2973 562 3022 de
586 2973 829 3040 Canonby
845 2991 856 3024 ι
875 2976 903 3023 ὅ
924 2974 972 3023 16
996 2974 1197 3024 Couent
1221 2974 1284 3023 de
1307 2975 1493 3022 mesme
1515 2974 1561 3022 le
1584 2973 1639 3022 lu
1662 2990 1679 3021 l
1699 2972 1873 3022 Adam
1897 2971 2082 3020 Priour
2113 2969 2194 3018 del
2219 2969 2329 3018 Idle
2353 2970 2415 3017 de

502 3071 644 3122 Seint
667 3072 907 3123 Colmoth
926 3091 938 3123 l
959 3075 987 3123 ό
1009 3073 1056 3122 16
1081 3073 1284 3123 Couent
1317 3072 1387 3122 de?
1414 3073 1599 3121 mesme
1631 3071 1680 3119 le
1712 3070 1766 3120 lu
1782 3089 1799 3119 l
1815 3070 1986 3119 Pieres
2020 3069 2204 3118 Priour
2235 3067 2297 3115 de
2319 3067 2415 3115 Er-

501 3174 668 3217 cattan
685 3187 702 3219 l
717 3173 746 3219 έ
767 3170 815 3220 16
838 3172 1039 3221 Couent
1062 3171 1125 3220 de
1147 3171 1333 3220 mesme
1355 3170 1402 3219 le
1424 3170 1480 3219 lu
1499 3187 1510 3219 l
1530 3169 1710 3235 Henry
1733 3169 1888 3217 P²our
1922 3168 1984 3216 de
2009 3164 2333 3231 Coldingh‘sm
2354 3181 2370 3211 s
2384 3165 2411 3209 ἑ

499 3263 548 3313 16
565 3264 766 3316 Couent
801 3268 865 3318 de
901 3269 1085 3319 mesme
1108 3269 1156 3318 le
1177 3268 1232 3317 lu
1251 3286 1269 3318 l
1291 3267 1513 3318 Richard
1530 3267 1715 3316 Priour
1732 3266 1794 3314 de
1813 3266 2041 3314 Dureme
2060 3281 2071 3314 ι
2093 3266 2120 3311 έ
2142 3263 2188 3311 16
2213 3263 2410 3311 Couent

2467 2584 2528 2624 M.
2545 2585 2612 2624 20.
