<?xml version="1.0" encoding="UTF-8"?>
<!DOCTYPE html PUBLIC "-//W3C//DTD XHTML 1.0 Transitional//EN"
    "http://www.w3.org/TR/xhtml1/DTD/xhtml1-transitional.dtd">
<html xmlns="http://www.w3.org/1999/xhtml" xml:lang="en" lang="en">
 <head>
  <title>
</title>
<meta http-equiv="Content-Type" content="text/html;charset=utf-8" />
  <meta name='ocr-system' content='tesseract 3.04.00' />
  <meta name='ocr-capabilities' content='ocr_page ocr_carea ocr_par ocr_line ocrx_word'/>
</head>
<body>
  <div class='ocr_page' id='page_1' title='image "./instrumentapublica00thomuoft_0176.png"; bbox 0 0 3048 3978; ppageno 0'>
   <div class='ocr_carea' id='block_1_1' title="bbox 367 1246 517 1290">
    <p class='ocr_par' dir='ltr' id='par_1_1' title="bbox 367 1246 517 1290">
     <span class='ocr_line' id='line_1_1' title="bbox 367 1246 517 1290; baseline -0.007 -2"><span class='ocrx_word' id='word_1_1' title='bbox 367 1249 431 1288; x_wconf 91' lang='lat' dir='ltr'><strong>M.</strong></span> <span class='ocrx_word' id='word_1_2' title='bbox 449 1246 517 1290; x_wconf 79' lang='lat'><strong>26.</strong></span> 
     </span>
    </p>
   </div>
   <div class='ocr_carea' id='block_1_2' title="bbox 1462 414 1564 459">
    <p class='ocr_par' dir='ltr' id='par_1_2' title="bbox 1462 414 1564 459">
     <span class='ocr_line' id='line_1_2' title="bbox 1462 414 1564 459; baseline 0.02 -2"><span class='ocrx_word' id='word_1_3' title='bbox 1462 414 1564 459; x_wconf 62' lang='lat'><strong>144&#39;</strong></span> 
     </span>
    </p>
   </div>
   <div class='ocr_carea' id='block_1_3' title="bbox 559 554 2481 721">
    <p class='ocr_par' dir='ltr' id='par_1_3' title="bbox 559 554 2481 721">
     <span class='ocr_line' id='line_1_3' title="bbox 560 554 2481 611; baseline 0.003 -6"><span class='ocrx_word' id='word_1_4' title='bbox 560 556 723 606; x_wconf 83' lang='lat' dir='ltr'><strong>Johan</strong></span> <span class='ocrx_word' id='word_1_5' title='bbox 769 554 852 604; x_wconf 86' lang='lat' dir='ltr'><strong>del</strong></span> <span class='ocrx_word' id='word_1_6' title='bbox 890 554 1309 605; x_wconf 68' lang='lat' dir='ltr'>GlanJWilliam</span> <span class='ocrx_word' id='word_1_7' title='bbox 1354 556 1455 606; x_wconf 89' lang='lat' dir='ltr'><strong>Fin</strong></span> <span class='ocrx_word' id='word_1_8' title='bbox 1477 556 1682 606; x_wconf 66' lang='lat' dir='ltr'>‘Adam</span> <span class='ocrx_word' id='word_1_9' title='bbox 1728 555 1777 604; x_wconf 89' lang='lat' dir='ltr'><strong>le</strong></span> <span class='ocrx_word' id='word_1_10' title='bbox 1814 555 2007 606; x_wconf 87' lang='lat' dir='ltr'>Taillur</span> <span class='ocrx_word' id='word_1_11' title='bbox 2027 555 2296 607; x_wconf 76' lang='lat' dir='ltr'>1Wiuiam</span> <span class='ocrx_word' id='word_1_12' title='bbox 2329 557 2396 610; x_wconf 86' lang='lat' dir='ltr'><strong>de</strong></span> <span class='ocrx_word' id='word_1_13' title='bbox 2430 557 2481 611; x_wconf 71' lang='lat' dir='ltr'><strong>la</strong></span> 
     </span>
     <span class='ocr_line' id='line_1_4' title="bbox 559 652 2476 721; baseline 0.003 -19"><span class='ocrx_word' id='word_1_14' title='bbox 559 652 844 703; x_wconf 87' lang='lat' dir='ltr'>Chaumbre</span> <span class='ocrx_word' id='word_1_15' title='bbox 871 670 883 703; x_wconf 84' lang='grc' dir='ltr'><em>ι</em></span> <span class='ocrx_word' id='word_1_16' title='bbox 909 653 946 703; x_wconf 89' lang='lat' dir='ltr'><strong>J</strong></span> <span class='ocrx_word' id='word_1_17' title='bbox 947 652 1077 702; x_wconf 85' lang='lat' dir='ltr'><strong>ohan</strong></span> <span class='ocrx_word' id='word_1_18' title='bbox 1116 653 1286 719; x_wconf 84' lang='lat' dir='ltr'>Pryde</span> <span class='ocrx_word' id='word_1_19' title='bbox 1312 670 1328 702; x_wconf 81' lang='lat' dir='ltr'><em>t</em></span> <span class='ocrx_word' id='word_1_20' title='bbox 1349 654 1504 720; x_wconf 88' lang='lat' dir='ltr'><strong>Gyles</strong></span> <span class='ocrx_word' id='word_1_21' title='bbox 1548 654 1633 703; x_wconf 90' lang='lat' dir='ltr'><strong>del</strong></span> <span class='ocrx_word' id='word_1_22' title='bbox 1670 654 1906 704; x_wconf 87' lang='lat' dir='ltr'><strong>Estwode</strong></span> <span class='ocrx_word' id='word_1_23' title='bbox 1928 672 1940 704; x_wconf 82' lang='lat' dir='ltr'><em>l</em></span> <span class='ocrx_word' id='word_1_24' title='bbox 1963 654 2200 721; x_wconf 81' lang='lat' dir='ltr'>Ughtred</span> <span class='ocrx_word' id='word_1_25' title='bbox 2250 655 2438 706; x_wconf 69' lang='lat' dir='ltr'><strong>Seman‘</strong></span> <span class='ocrx_word' id='word_1_26' title='bbox 2461 672 2476 708; x_wconf 87' lang='grc' dir='ltr'><em>ι</em></span> 
     </span>
    </p>
   </div>
   <div class='ocr_carea' id='block_1_4' title="bbox 559 751 2480 901">
    <p class='ocr_par' dir='ltr' id='par_1_4' title="bbox 559 751 2480 901">
     <span class='ocr_line' id='line_1_5' title="bbox 560 751 2480 819; baseline 0.002 -19"><span class='ocrx_word' id='word_1_27' title='bbox 560 751 820 801; x_wconf 88' lang='lat' dir='ltr'>Laurence</span> <span class='ocrx_word' id='word_1_28' title='bbox 875 752 939 800; x_wconf 87' lang='lat' dir='ltr'><strong>de</strong></span> <span class='ocrx_word' id='word_1_29' title='bbox 984 753 1151 817; x_wconf 68' lang='lat' dir='ltr'><strong>Petyn</strong></span> <span class='ocrx_word' id='word_1_30' title='bbox 1178 769 1195 800; x_wconf 78' lang='lat' dir='ltr'><em>t</em></span> <span class='ocrx_word' id='word_1_31' title='bbox 1225 752 1405 819; x_wconf 69' lang='lat' dir='ltr'><strong>Henry</strong></span> <span class='ocrx_word' id='word_1_32' title='bbox 1449 752 1513 802; x_wconf 86' lang='lat' dir='ltr'><strong>de</strong></span> <span class='ocrx_word' id='word_1_33' title='bbox 1557 753 1892 803; x_wconf 74' lang='lat' dir='ltr'><strong>Arthurshufl</strong></span> <span class='ocrx_word' id='word_1_34' title='bbox 1918 770 1930 803; x_wconf 79' lang='grc' dir='ltr'><em>ι</em></span> <span class='ocrx_word' id='word_1_35' title='bbox 1957 753 2151 803; x_wconf 63' lang='lat' dir='ltr'><strong>Rober?</strong></span> <span class='ocrx_word' id='word_1_36' title='bbox 2194 753 2258 802; x_wconf 87' lang='lat' dir='ltr'><strong>de</strong></span> <span class='ocrx_word' id='word_1_37' title='bbox 2304 754 2444 803; x_wconf 86' lang='lat' dir='ltr'><strong>Kent</strong></span> <span class='ocrx_word' id='word_1_38' title='bbox 2460 769 2480 804; x_wconf 87' lang='lat' dir='ltr'><em>l</em></span> 
     </span>
     <span class='ocr_line' id='line_1_6' title="bbox 559 847 2480 901; baseline 0.001 -3"><span class='ocrx_word' id='word_1_39' title='bbox 559 847 738 898; x_wconf 66' lang='lat' dir='ltr'>Pastrik</span> <span class='ocrx_word' id='word_1_40' title='bbox 774 849 838 897; x_wconf 88' lang='lat' dir='ltr'><strong>de</strong></span> <span class='ocrx_word' id='word_1_41' title='bbox 881 848 1180 899; x_wconf 84' lang='lat' dir='ltr'><strong>Seluenland</strong></span> <span class='ocrx_word' id='word_1_42' title='bbox 1207 868 1223 897; x_wconf 78' lang='lat' dir='ltr'><em>t</em></span> <span class='ocrx_word' id='word_1_43' title='bbox 1247 849 1549 899; x_wconf 87' lang='lat' dir='ltr'><strong>Alisaundre</strong></span> <span class='ocrx_word' id='word_1_44' title='bbox 1582 850 1824 900; x_wconf 87' lang='lat' dir='ltr'>Akeman</span> <span class='ocrx_word' id='word_1_45' title='bbox 1853 869 1870 900; x_wconf 81' lang='lat' dir='ltr'><em>l</em></span> <span class='ocrx_word' id='word_1_46' title='bbox 1896 851 2130 901; x_wconf 89' lang='lat' dir='ltr'>William</span> <span class='ocrx_word' id='word_1_47' title='bbox 2157 851 2376 901; x_wconf 85' lang='lat' dir='ltr'><strong>Croketa</strong></span> <span class='ocrx_word' id='word_1_48' title='bbox 2415 851 2480 900; x_wconf 87' lang='lat' dir='ltr'><strong>de</strong></span> 
     </span>
    </p>
   </div>
   <div class='ocr_carea' id='block_1_5' title="bbox 561 946 2481 1114">
    <p class='ocr_par' dir='ltr' id='par_1_5' title="bbox 561 946 2481 1114">
     <span class='ocr_line' id='line_1_7' title="bbox 561 946 2481 1014; baseline 0.002 -19"><span class='ocrx_word' id='word_1_49' title='bbox 561 946 809 1012; x_wconf 88' lang='lat' dir='ltr'>Kylbride</span> <span class='ocrx_word' id='word_1_50' title='bbox 836 963 847 996; x_wconf 87' lang='grc' dir='ltr'><em>ι</em></span> <span class='ocrx_word' id='word_1_51' title='bbox 875 946 1065 995; x_wconf 87' lang='lat' dir='ltr'>Geffrei</span> <span class='ocrx_word' id='word_1_52' title='bbox 1106 947 1168 995; x_wconf 84' lang='lat' dir='ltr'><strong>de</strong></span> <span class='ocrx_word' id='word_1_53' title='bbox 1209 947 1383 996; x_wconf 90' lang='lat' dir='ltr'>Home</span> <span class='ocrx_word' id='word_1_54' title='bbox 1408 965 1426 997; x_wconf 81' lang='grc' dir='ltr'><em>ι</em></span> <span class='ocrx_word' id='word_1_55' title='bbox 1450 950 1478 996; x_wconf 78' lang='grc' dir='ltr'><em>έ</em></span> <span class='ocrx_word' id='word_1_56' title='bbox 1502 949 1682 1014; x_wconf 68' lang='grc' dir='ltr'><em>ΗΘΠΓῩ</em></span> <span class='ocrx_word' id='word_1_57' title='bbox 1704 949 1769 997; x_wconf 89' lang='lat' dir='ltr'><strong>fiz</strong></span> <span class='ocrx_word' id='word_1_58' title='bbox 1796 949 2011 1014; x_wconf 68' lang='lat' dir='ltr'>Phelipf:</span> <span class='ocrx_word' id='word_1_59' title='bbox 2051 949 2132 998; x_wconf 87' lang='lat' dir='ltr'><strong>del</strong></span> <span class='ocrx_word' id='word_1_60' title='bbox 2175 949 2376 998; x_wconf 88' lang='lat' dir='ltr'><strong>Counte</strong></span> <span class='ocrx_word' id='word_1_61' title='bbox 2415 949 2481 998; x_wconf 86' lang='lat' dir='ltr'><strong>de</strong></span> 
     </span>
     <span class='ocr_line' id='line_1_8' title="bbox 564 1044 2343 1114; baseline 0.001 -20"><span class='ocrx_word' id='word_1_62' title='bbox 564 1044 767 1094; x_wconf 70' lang='lat' dir='ltr'>Lanark</span> <span class='ocrx_word' id='word_1_63' title='bbox 788 1044 922 1094; x_wconf 89' lang='lat' dir='ltr'>saluz</span> <span class='ocrx_word' id='word_1_64' title='bbox 943 1072 956 1085; x_wconf 92' lang='lat'><strong>·</strong></span> <span class='ocrx_word' id='word_1_65' title='bbox 992 1045 1102 1093; x_wconf 90' lang='lat' dir='ltr'><strong>Pur</strong></span> <span class='ocrx_word' id='word_1_66' title='bbox 1125 1061 1211 1094; x_wconf 88' lang='lat' dir='ltr'><strong>ceo</strong></span> <span class='ocrx_word' id='word_1_67' title='bbox 1247 1048 1351 1112; x_wconf 68' lang='lat'><strong><em>[850.</em></strong></span> <span class='ocrx_word' id='word_1_68' title='bbox 1376 1053 1434 1096; x_wconf 70' lang='grc' dir='ltr'><strong>ιιι</strong></span> <span class='ocrx_word' id='word_1_69' title='bbox 1451 1047 1654 1113; x_wconf 58' lang='grc' dir='ltr'>θυμω]</span> <span class='ocrx_word' id='word_1_70' title='bbox 1689 1047 1897 1096; x_wconf 77' lang='grc' dir='ltr'><strong>Βοηέόε</strong></span> <span class='ocrx_word' id='word_1_71' title='bbox 1934 1051 2038 1114; x_wconf 67' lang='lat'><strong><em>[856.</em></strong></span> <span class='ocrx_word' id='word_1_72' title='bbox 2066 1055 2125 1097; x_wconf 80' lang='lat' dir='ltr'><strong>ut</strong></span> <span class='ocrx_word' id='word_1_73' title='bbox 2143 1048 2343 1114; x_wconf 69' lang='lat' dir='ltr'><strong>supra]</strong></span> 
     </span>
    </p>
   </div>
   <div class='ocr_carea' id='block_1_6' title="bbox 555 1227 2485 1306">
    <p class='ocr_par' dir='ltr' id='par_1_6' title="bbox 555 1227 2485 1306">
     <span class='ocr_line' id='line_1_9' title="bbox 555 1227 2485 1306; baseline 0.001 -16"><span class='ocrx_word' id='word_1_74' title='bbox 555 1227 710 1290; x_wconf 77' lang='lat' dir='ltr'><strong>‘Item</strong></span> <span class='ocrx_word' id='word_1_75' title='bbox 728 1268 738 1279; x_wconf 91' lang='lat'><em>·</em></span> <span class='ocrx_word' id='word_1_76' title='bbox 799 1241 853 1289; x_wconf 93' lang='lat' dir='ltr'>A</span> <span class='ocrx_word' id='word_1_77' title='bbox 877 1246 995 1289; x_wconf 90' lang='lat' dir='ltr'><strong>touz</strong></span> <span class='ocrx_word' id='word_1_78' title='bbox 1030 1256 1175 1289; x_wconf 85' lang='lat' dir='ltr'><strong>oeaus</strong></span> <span class='ocrx_word' id='word_1_79' title='bbox 1199 1242 1287 1306; x_wconf 91' lang='lat' dir='ltr'><strong>qui</strong></span> <span class='ocrx_word' id='word_1_80' title='bbox 1313 1243 1461 1291; x_wconf 87' lang='lat' dir='ltr'><strong>cestes</strong></span> <span class='ocrx_word' id='word_1_81' title='bbox 1490 1242 1660 1291; x_wconf 86' lang='lat' dir='ltr'><strong>lettres</strong></span> <span class='ocrx_word' id='word_1_82' title='bbox 1683 1248 1886 1292; x_wconf 85' lang='lat' dir='ltr'><strong>verront</strong></span> <span class='ocrx_word' id='word_1_83' title='bbox 1908 1259 1976 1291; x_wconf 92' lang='lat' dir='ltr'><strong>ou</strong></span> <span class='ocrx_word' id='word_1_84' title='bbox 2000 1249 2200 1292; x_wconf 74' lang='lat' dir='ltr'><strong>orrontt</strong></span> <span class='ocrx_word' id='word_1_85' title='bbox 2223 1243 2397 1292; x_wconf 87' lang='lat' dir='ltr'><strong>Adam</strong></span> <span class='ocrx_word' id='word_1_86' title='bbox 2421 1242 2485 1292; x_wconf 89' lang='lat' dir='ltr'><strong>de</strong></span> 
     </span>
    </p>
   </div>
   <div class='ocr_carea' id='block_1_7' title="bbox 562 1337 2491 2676">
    <p class='ocr_par' dir='ltr' id='par_1_7' title="bbox 562 1337 2491 2676">
     <span class='ocr_line' id='line_1_10' title="bbox 567 1337 2484 1404; baseline 0.002 -18"><span class='ocrx_word' id='word_1_87' title='bbox 567 1337 793 1403; x_wconf 85' lang='lat' dir='ltr'><strong>Bakepol</strong></span> <span class='ocrx_word' id='word_1_88' title='bbox 821 1354 833 1386; x_wconf 82' lang='lat' dir='ltr'><em>l</em></span> <span class='ocrx_word' id='word_1_89' title='bbox 860 1337 941 1385; x_wconf 88' lang='lat' dir='ltr'><strong>del</strong></span> <span class='ocrx_word' id='word_1_90' title='bbox 967 1337 1165 1386; x_wconf 85' lang='lat' dir='ltr'><strong>Counte</strong></span> <span class='ocrx_word' id='word_1_91' title='bbox 1187 1337 1250 1385; x_wconf 89' lang='lat' dir='ltr'><strong>de</strong></span> <span class='ocrx_word' id='word_1_92' title='bbox 1276 1339 1607 1404; x_wconf 79' lang='lat' dir='ltr'><strong>Rokesburgh</strong></span> <span class='ocrx_word' id='word_1_93' title='bbox 1637 1356 1648 1389; x_wconf 83' lang='grc' dir='ltr'><em>ι</em></span> <span class='ocrx_word' id='word_1_94' title='bbox 1675 1341 1712 1389; x_wconf 91' lang='lat' dir='ltr'><strong>J</strong></span> <span class='ocrx_word' id='word_1_95' title='bbox 1713 1339 1844 1388; x_wconf 85' lang='lat' dir='ltr'><strong>ohan</strong></span> <span class='ocrx_word' id='word_1_96' title='bbox 1890 1340 1954 1388; x_wconf 90' lang='lat' dir='ltr'><strong>de</strong></span> <span class='ocrx_word' id='word_1_97' title='bbox 1977 1340 2201 1389; x_wconf 87' lang='lat' dir='ltr'>Hedlam</span> <span class='ocrx_word' id='word_1_98' title='bbox 2227 1340 2484 1390; x_wconf 84' lang='lat' dir='ltr'>Suchaun-</span> 
     </span>
     <span class='ocr_line' id='line_1_11' title="bbox 565 1433 2484 1498; baseline 0.002 -15"><span class='ocrx_word' id='word_1_99' title='bbox 565 1442 680 1483; x_wconf 88' lang='lat' dir='ltr'><strong>tour</strong></span> <span class='ocrx_word' id='word_1_100' title='bbox 715 1434 795 1482; x_wconf 89' lang='lat' dir='ltr'><strong>del</strong></span> <span class='ocrx_word' id='word_1_101' title='bbox 829 1434 999 1498; x_wconf 87' lang='lat' dir='ltr'>Eglise</span> <span class='ocrx_word' id='word_1_102' title='bbox 1035 1433 1098 1481; x_wconf 88' lang='lat' dir='ltr'><strong>de</strong></span> <span class='ocrx_word' id='word_1_103' title='bbox 1137 1434 1245 1483; x_wconf 91' lang='lat' dir='ltr'><strong>Ros</strong></span> <span class='ocrx_word' id='word_1_104' title='bbox 1271 1452 1289 1482; x_wconf 81' lang='lat' dir='ltr'><em>l</em></span> <span class='ocrx_word' id='word_1_105' title='bbox 1315 1435 1534 1484; x_wconf 88' lang='lat' dir='ltr'>Thomas</span> <span class='ocrx_word' id='word_1_106' title='bbox 1579 1436 1644 1484; x_wconf 89' lang='lat' dir='ltr'><strong>de</strong></span> <span class='ocrx_word' id='word_1_107' title='bbox 1670 1437 1778 1485; x_wconf 71' lang='grc' dir='ltr'>..Ϊ3ῗ</span> <span class='ocrx_word' id='word_1_108' title='bbox 1824 1438 2144 1486; x_wconf 87' lang='lat' dir='ltr'><strong>Prouendrer</strong></span> <span class='ocrx_word' id='word_1_109' title='bbox 2188 1438 2251 1486; x_wconf 89' lang='lat' dir='ltr'><strong>de</strong></span> <span class='ocrx_word' id='word_1_110' title='bbox 2297 1438 2484 1486; x_wconf 88' lang='lat' dir='ltr'>mesme</span> 
     </span>
     <span class='ocr_line' id='line_1_12' title="bbox 564 1530 2484 1600; baseline 0.002 -20"><span class='ocrx_word' id='word_1_111' title='bbox 564 1532 728 1597; x_wconf 88' lang='lat' dir='ltr'><strong>leglise</strong></span> <span class='ocrx_word' id='word_1_112' title='bbox 752 1548 770 1579; x_wconf 81' lang='lat' dir='ltr'><em>l</em></span> <span class='ocrx_word' id='word_1_113' title='bbox 794 1530 875 1600; x_wconf 68' lang='lat' dir='ltr'><strong>del</strong></span> <span class='ocrx_word' id='word_1_114' title='bbox 900 1531 1102 1580; x_wconf 88' lang='lat' dir='ltr'><strong>Counte</strong></span> <span class='ocrx_word' id='word_1_115' title='bbox 1125 1530 1189 1578; x_wconf 87' lang='lat' dir='ltr'><strong>de</strong></span> <span class='ocrx_word' id='word_1_116' title='bbox 1210 1531 1320 1580; x_wconf 91' lang='lat' dir='ltr'><strong>Ros</strong></span> <span class='ocrx_word' id='word_1_117' title='bbox 1347 1531 1839 1581; x_wconf 17' lang='lat' dir='ltr'>1WilliamssVieaire</span> <span class='ocrx_word' id='word_1_118' title='bbox 1862 1533 1944 1580; x_wconf 83' lang='lat' dir='ltr'><strong>del</strong></span> <span class='ocrx_word' id='word_1_119' title='bbox 1967 1533 2138 1598; x_wconf 86' lang='lat' dir='ltr'>Eglise</span> <span class='ocrx_word' id='word_1_120' title='bbox 2161 1535 2224 1583; x_wconf 87' lang='lat' dir='ltr'><strong>de</strong></span> <span class='ocrx_word' id='word_1_121' title='bbox 2238 1534 2447 1584; x_wconf 70' lang='lat' dir='ltr'><strong>Garuok</strong></span> <span class='ocrx_word' id='word_1_122' title='bbox 2466 1552 2484 1583; x_wconf 77' lang='lat' dir='ltr'><em>l</em></span> 
     </span>
     <span class='ocr_line' id='line_1_13' title="bbox 565 1627 2482 1695; baseline 0.002 -18"><span class='ocrx_word' id='word_1_123' title='bbox 565 1629 645 1678; x_wconf 85' lang='lat' dir='ltr'><strong>del</strong></span> <span class='ocrx_word' id='word_1_124' title='bbox 688 1628 891 1677; x_wconf 87' lang='lat' dir='ltr'><strong>Counte</strong></span> <span class='ocrx_word' id='word_1_125' title='bbox 935 1627 998 1675; x_wconf 86' lang='lat' dir='ltr'><strong>de</strong></span> <span class='ocrx_word' id='word_1_126' title='bbox 1044 1628 1265 1676; x_wconf 88' lang='lat' dir='ltr'><strong>Miernes</strong></span> <span class='ocrx_word' id='word_1_127' title='bbox 1292 1645 1309 1676; x_wconf 85' lang='lat' dir='ltr'><em>l</em></span> <span class='ocrx_word' id='word_1_128' title='bbox 1334 1629 1556 1678; x_wconf 83' lang='lat' dir='ltr'>Richard</span> <span class='ocrx_word' id='word_1_129' title='bbox 1610 1629 1673 1679; x_wconf 87' lang='lat' dir='ltr'><strong>de</strong></span> <span class='ocrx_word' id='word_1_130' title='bbox 1730 1629 1777 1678; x_wconf 92' lang='lat' dir='ltr'><strong>F</strong></span> <span class='ocrx_word' id='word_1_131' title='bbox 1782 1629 1961 1679; x_wconf 73' lang='lat' dir='ltr'>urdait</span> <span class='ocrx_word' id='word_1_132' title='bbox 1992 1630 2167 1695; x_wconf 87' lang='lat' dir='ltr'>Dugal</span> <span class='ocrx_word' id='word_1_133' title='bbox 2235 1630 2482 1681; x_wconf 71' lang='lat' dir='ltr'>Cambelr</span> 
     </span>
     <span class='ocr_line' id='line_1_14' title="bbox 564 1724 2486 1790; baseline 0.001 -14"><span class='ocrx_word' id='word_1_134' title='bbox 564 1726 810 1776; x_wconf 88' lang='lat' dir='ltr'><strong>Edmund</strong></span> <span class='ocrx_word' id='word_1_135' title='bbox 844 1726 907 1773; x_wconf 89' lang='lat' dir='ltr'><strong>de</strong></span> <span class='ocrx_word' id='word_1_136' title='bbox 928 1724 976 1773; x_wconf 90' lang='grc'><strong>13</strong></span> <span class='ocrx_word' id='word_1_137' title='bbox 1000 1726 1150 1790; x_wconf 88' lang='lat' dir='ltr'>Haye</span> <span class='ocrx_word' id='word_1_138' title='bbox 1177 1743 1194 1773; x_wconf 81' lang='lat' dir='ltr'><em>l</em></span> <span class='ocrx_word' id='word_1_139' title='bbox 1222 1726 1459 1775; x_wconf 86' lang='lat' dir='ltr'><strong>Mariorie</strong></span> <span class='ocrx_word' id='word_1_140' title='bbox 1495 1727 1560 1775; x_wconf 88' lang='lat' dir='ltr'><strong>de</strong></span> <span class='ocrx_word' id='word_1_141' title='bbox 1601 1726 1814 1775; x_wconf 59' lang='lat' dir='ltr'>Grah‘m</span> <span class='ocrx_word' id='word_1_142' title='bbox 1844 1745 1860 1775; x_wconf 84' lang='lat' dir='ltr'><em>l</em></span> <span class='ocrx_word' id='word_1_143' title='bbox 1885 1726 2052 1777; x_wconf 86' lang='lat' dir='ltr'><strong>Johan</strong></span> <span class='ocrx_word' id='word_1_144' title='bbox 2089 1727 2443 1777; x_wconf 86' lang='lat' dir='ltr'><strong>Laumansone</strong></span> <span class='ocrx_word' id='word_1_145' title='bbox 2468 1745 2486 1777; x_wconf 78' lang='grc' dir='ltr'><em>ι</em></span> 
     </span>
     <span class='ocr_line' id='line_1_15' title="bbox 565 1822 2487 1876; baseline 0.001 -3"><span class='ocrx_word' id='word_1_146' title='bbox 565 1826 821 1873; x_wconf 87' lang='lat' dir='ltr'>Laurence</span> <span class='ocrx_word' id='word_1_147' title='bbox 864 1823 928 1871; x_wconf 87' lang='lat' dir='ltr'><strong>de</strong></span> <span class='ocrx_word' id='word_1_148' title='bbox 974 1822 1123 1871; x_wconf 73' lang='lat' dir='ltr'>Flisk</span> <span class='ocrx_word' id='word_1_149' title='bbox 1149 1840 1166 1870; x_wconf 77' lang='lat' dir='ltr'><em>t</em></span> <span class='ocrx_word' id='word_1_150' title='bbox 1191 1823 1391 1871; x_wconf 85' lang='lat' dir='ltr'><strong>Arthur</strong></span> <span class='ocrx_word' id='word_1_151' title='bbox 1437 1823 1646 1872; x_wconf 86' lang='lat' dir='ltr'>Cambel</span> <span class='ocrx_word' id='word_1_152' title='bbox 1671 1842 1689 1873; x_wconf 84' lang='lat' dir='ltr'><em>l</em></span> <span class='ocrx_word' id='word_1_153' title='bbox 1715 1825 1895 1874; x_wconf 88' lang='lat' dir='ltr'><strong>Dauid</strong></span> <span class='ocrx_word' id='word_1_154' title='bbox 1940 1825 2004 1872; x_wconf 88' lang='lat' dir='ltr'><strong>de</strong></span> <span class='ocrx_word' id='word_1_155' title='bbox 2048 1823 2195 1873; x_wconf 86' lang='lat' dir='ltr'><strong>Blare</strong></span> <span class='ocrx_word' id='word_1_156' title='bbox 2221 1843 2239 1874; x_wconf 82' lang='lat' dir='ltr'><em>l</em></span> <span class='ocrx_word' id='word_1_157' title='bbox 2264 1825 2487 1876; x_wconf 85' lang='lat' dir='ltr'>Dunean</span> 
     </span>
     <span class='ocr_line' id='line_1_16' title="bbox 564 1919 2486 1988; baseline 0.001 -18"><span class='ocrx_word' id='word_1_158' title='bbox 564 1921 766 1971; x_wconf 83' lang='lat' dir='ltr'>Cambel</span> <span class='ocrx_word' id='word_1_159' title='bbox 785 1939 803 1970; x_wconf 86' lang='lat' dir='ltr'><em>l</em></span> <span class='ocrx_word' id='word_1_160' title='bbox 822 1920 1018 1970; x_wconf 85' lang='lat' dir='ltr'><strong>Robert</strong></span> <span class='ocrx_word' id='word_1_161' title='bbox 1040 1919 1301 1976; x_wconf 75' lang='lat' dir='ltr'><strong>Gerlaund</strong></span> <span class='ocrx_word' id='word_1_162' title='bbox 1327 1938 1345 1968; x_wconf 78' lang='lat' dir='ltr'><em>t</em></span> <span class='ocrx_word' id='word_1_163' title='bbox 1371 1920 1591 1970; x_wconf 86' lang='lat' dir='ltr'><strong>Thomas</strong></span> <span class='ocrx_word' id='word_1_164' title='bbox 1616 1921 1746 1970; x_wconf 88' lang='lat' dir='ltr'>dela</span> <span class='ocrx_word' id='word_1_165' title='bbox 1771 1922 1919 1988; x_wconf 68' lang='lat' dir='ltr'>Haye</span> <span class='ocrx_word' id='word_1_166' title='bbox 1938 1939 1957 1971; x_wconf 85' lang='lat' dir='ltr'><em>l</em></span> <span class='ocrx_word' id='word_1_167' title='bbox 1978 1923 2196 1988; x_wconf 89' lang='lat' dir='ltr'><strong>Eugene</strong></span> <span class='ocrx_word' id='word_1_168' title='bbox 2218 1922 2284 1971; x_wconf 91' lang='lat' dir='ltr'><strong>fiz</strong></span> <span class='ocrx_word' id='word_1_169' title='bbox 2310 1922 2486 1988; x_wconf 88' lang='lat' dir='ltr'><strong>Logh-</strong></span> 
     </span>
     <span class='ocr_line' id='line_1_17' title="bbox 562 2017 2488 2087; baseline 0.001 -18"><span class='ocrx_word' id='word_1_170' title='bbox 562 2021 673 2069; x_wconf 87' lang='lat' dir='ltr'>lane</span> <span class='ocrx_word' id='word_1_171' title='bbox 699 2038 709 2069; x_wconf 79' lang='lat' dir='ltr'><em>l</em></span> <span class='ocrx_word' id='word_1_172' title='bbox 740 2019 819 2068; x_wconf 90' lang='lat' dir='ltr'><strong>del</strong></span> <span class='ocrx_word' id='word_1_173' title='bbox 866 2019 1068 2067; x_wconf 89' lang='lat' dir='ltr'><strong>Counte</strong></span> <span class='ocrx_word' id='word_1_174' title='bbox 1098 2018 1177 2066; x_wconf 66' lang='lat' dir='ltr'><strong>&#39;de</strong></span> <span class='ocrx_word' id='word_1_175' title='bbox 1223 2017 1384 2067; x_wconf 84' lang='lat' dir='ltr'>Perth</span> <span class='ocrx_word' id='word_1_176' title='bbox 1412 2035 1424 2068; x_wconf 86' lang='grc' dir='ltr'><em>ι</em></span> <span class='ocrx_word' id='word_1_177' title='bbox 1451 2019 1694 2068; x_wconf 80' lang='lat' dir='ltr'>VVautier</span> <span class='ocrx_word' id='word_1_178' title='bbox 1748 2019 1796 2068; x_wconf 90' lang='lat' dir='ltr'><strong>le</strong></span> <span class='ocrx_word' id='word_1_179' title='bbox 1856 2021 1973 2070; x_wconf 84' lang='lat' dir='ltr'><strong>Scot</strong></span> <span class='ocrx_word' id='word_1_180' title='bbox 1996 2037 2015 2070; x_wconf 82' lang='lat' dir='ltr'><em>l</em></span> <span class='ocrx_word' id='word_1_181' title='bbox 2041 2018 2217 2069; x_wconf 89' lang='lat' dir='ltr'>Dauid</span> <span class='ocrx_word' id='word_1_182' title='bbox 2262 2021 2370 2087; x_wconf 73' lang='lat' dir='ltr'><strong>Eyr</strong></span> <span class='ocrx_word' id='word_1_183' title='bbox 2424 2020 2488 2070; x_wconf 88' lang='lat' dir='ltr'><strong>de</strong></span> 
     </span>
     <span class='ocr_line' id='line_1_18' title="bbox 571 2117 2489 2184; baseline 0 -16"><span class='ocrx_word' id='word_1_184' title='bbox 571 2118 868 2184; x_wconf 73' lang='lat' dir='ltr'>Stychehufl</span> <span class='ocrx_word' id='word_1_185' title='bbox 896 2135 907 2167; x_wconf 81' lang='grc' dir='ltr'><em>ι</em></span> <span class='ocrx_word' id='word_1_186' title='bbox 936 2117 1101 2166; x_wconf 76' lang='lat' dir='ltr'><strong>&#39;rhoffi</strong></span> <span class='ocrx_word' id='word_1_187' title='bbox 1127 2117 1189 2165; x_wconf 88' lang='lat' dir='ltr'><strong>de</strong></span> <span class='ocrx_word' id='word_1_188' title='bbox 1211 2117 1405 2166; x_wconf 74' lang='lat' dir='ltr'><strong>Fultofi</strong></span> <span class='ocrx_word' id='word_1_189' title='bbox 1426 2135 1443 2165; x_wconf 84' lang='lat' dir='ltr'><em>l</em></span> <span class='ocrx_word' id='word_1_190' title='bbox 1459 2117 1643 2167; x_wconf 82' lang='lat' dir='ltr'>vicaire</span> <span class='ocrx_word' id='word_1_191' title='bbox 1678 2118 1761 2166; x_wconf 90' lang='lat' dir='ltr'><strong>del</strong></span> <span class='ocrx_word' id='word_1_192' title='bbox 1785 2118 1955 2183; x_wconf 86' lang='lat' dir='ltr'>Eglise</span> <span class='ocrx_word' id='word_1_193' title='bbox 1978 2118 2042 2168; x_wconf 89' lang='lat' dir='ltr'><strong>de</strong></span> <span class='ocrx_word' id='word_1_194' title='bbox 2065 2118 2341 2184; x_wconf 71' lang='lat' dir='ltr'><strong>Irnnewyk</strong></span> <span class='ocrx_word' id='word_1_195' title='bbox 2365 2136 2383 2168; x_wconf 79' lang='lat' dir='ltr'><em>t</em></span> <span class='ocrx_word' id='word_1_196' title='bbox 2407 2119 2489 2168; x_wconf 87' lang='lat' dir='ltr'><strong>del</strong></span> 
     </span>
     <span class='ocr_line' id='line_1_19' title="bbox 566 2214 2488 2282; baseline 0.001 -17"><span class='ocrx_word' id='word_1_197' title='bbox 566 2218 795 2265; x_wconf 87' lang='lat' dir='ltr'><strong>Countez</strong></span> <span class='ocrx_word' id='word_1_198' title='bbox 837 2216 899 2264; x_wconf 88' lang='lat' dir='ltr'><strong>de</strong></span> <span class='ocrx_word' id='word_1_199' title='bbox 946 2215 1160 2264; x_wconf 86' lang='lat' dir='ltr'><strong>Pebb&#39;les</strong></span> <span class='ocrx_word' id='word_1_200' title='bbox 1187 2233 1198 2265; x_wconf 86' lang='grc' dir='ltr'><em>ι</em></span> <span class='ocrx_word' id='word_1_201' title='bbox 1225 2214 1562 2281; x_wconf 77' lang='lat' dir='ltr'><strong>Rokesburgh</strong></span> <span class='ocrx_word' id='word_1_202' title='bbox 1590 2234 1606 2264; x_wconf 79' lang='lat' dir='ltr'><em>t</em></span> <span class='ocrx_word' id='word_1_203' title='bbox 1631 2222 1684 2264; x_wconf 84' lang='lat' dir='ltr'><strong>et</strong></span> <span class='ocrx_word' id='word_1_204' title='bbox 1728 2215 2074 2282; x_wconf 80' lang='lat' dir='ltr'>Edeneburgh</span> <span class='ocrx_word' id='word_1_205' title='bbox 2101 2234 2117 2265; x_wconf 81' lang='lat' dir='ltr'><em>t</em></span> <span class='ocrx_word' id='word_1_206' title='bbox 2146 2216 2378 2266; x_wconf 83' lang='lat' dir='ltr'>William</span> <span class='ocrx_word' id='word_1_207' title='bbox 2424 2216 2488 2266; x_wconf 87' lang='lat' dir='ltr'><strong>de</strong></span> 
     </span>
     <span class='ocr_line' id='line_1_20' title="bbox 566 2313 2490 2380; baseline -0.001 -16"><span class='ocrx_word' id='word_1_208' title='bbox 566 2314 831 2380; x_wconf 87' lang='lat' dir='ltr'>Redepeth</span> <span class='ocrx_word' id='word_1_209' title='bbox 866 2331 877 2364; x_wconf 85' lang='lat' dir='ltr'><em>l</em></span> <span class='ocrx_word' id='word_1_210' title='bbox 915 2313 996 2362; x_wconf 90' lang='lat' dir='ltr'><strong>del</strong></span> <span class='ocrx_word' id='word_1_211' title='bbox 1043 2315 1246 2363; x_wconf 88' lang='lat' dir='ltr'><strong>Counte</strong></span> <span class='ocrx_word' id='word_1_212' title='bbox 1305 2314 1369 2363; x_wconf 89' lang='lat' dir='ltr'><strong>de</strong></span> <span class='ocrx_word' id='word_1_213' title='bbox 1424 2313 1675 2380; x_wconf 68' lang='lat' dir='ltr'>Berewyk</span> <span class='ocrx_word' id='word_1_214' title='bbox 1701 2331 1718 2362; x_wconf 84' lang='lat' dir='ltr'><em>l</em></span> <span class='ocrx_word' id='word_1_215' title='bbox 1742 2314 1984 2363; x_wconf 86' lang='lat' dir='ltr'>Wautier</span> <span class='ocrx_word' id='word_1_216' title='bbox 2039 2313 2086 2362; x_wconf 87' lang='lat' dir='ltr'><strong>le</strong></span> <span class='ocrx_word' id='word_1_217' title='bbox 2130 2313 2341 2380; x_wconf 90' lang='lat' dir='ltr'><strong>Engleis</strong></span> <span class='ocrx_word' id='word_1_218' title='bbox 2366 2332 2384 2363; x_wconf 80' lang='lat' dir='ltr'><em>t</em></span> <span class='ocrx_word' id='word_1_219' title='bbox 2408 2314 2490 2363; x_wconf 86' lang='lat' dir='ltr'><strong>del</strong></span> 
     </span>
     <span class='ocr_line' id='line_1_21' title="bbox 568 2389 2489 2478; baseline -0.001 -16"><span class='ocrx_word' id='word_1_220' title='bbox 568 2415 767 2462; x_wconf 83' lang='lat' dir='ltr'><strong>Counte</strong></span> <span class='ocrx_word' id='word_1_221' title='bbox 791 2414 854 2461; x_wconf 88' lang='lat' dir='ltr'><strong>de</strong></span> <span class='ocrx_word' id='word_1_222' title='bbox 878 2412 1081 2462; x_wconf 69' lang='lat' dir='ltr'><strong>Lanark</strong></span> <span class='ocrx_word' id='word_1_223' title='bbox 1108 2430 1125 2460; x_wconf 84' lang='lat' dir='ltr'><em>l</em></span> <span class='ocrx_word' id='word_1_224' title='bbox 1150 2412 1370 2462; x_wconf 87' lang='lat' dir='ltr'><strong>Thomas</strong></span> <span class='ocrx_word' id='word_1_225' title='bbox 1394 2411 1458 2460; x_wconf 89' lang='lat' dir='ltr'><strong>de</strong></span> <span class='ocrx_word' id='word_1_226' title='bbox 1483 2412 1690 2478; x_wconf 68' lang='lat' dir='ltr'><strong>Haytofi</strong></span> <span class='ocrx_word' id='word_1_227' title='bbox 1713 2430 1735 2460; x_wconf 77' lang='lat' dir='ltr'><em>J</em></span> <span class='ocrx_word' id='word_1_228' title='bbox 1752 2412 1933 2460; x_wconf 86' lang='lat' dir='ltr'>vicaire</span> <span class='ocrx_word' id='word_1_229' title='bbox 1955 2410 2038 2460; x_wconf 88' lang='lat' dir='ltr'><strong>del</strong></span> <span class='ocrx_word' id='word_1_230' title='bbox 2061 2389 2232 2476; x_wconf 81' lang='lat' dir='ltr'>Eglise</span> <span class='ocrx_word' id='word_1_231' title='bbox 2254 2411 2318 2460; x_wconf 87' lang='lat' dir='ltr'><strong>de</strong></span> <span class='ocrx_word' id='word_1_232' title='bbox 2341 2412 2489 2461; x_wconf 88' lang='lat' dir='ltr'>Cam-</span> 
     </span>
     <span class='ocr_line' id='line_1_22' title="bbox 567 2508 2490 2577; baseline -0.002 -16"><span class='ocrx_word' id='word_1_233' title='bbox 567 2511 874 2577; x_wconf 84' lang='lat' dir='ltr'><strong>bosneythan</strong></span> <span class='ocrx_word' id='word_1_234' title='bbox 900 2529 917 2559; x_wconf 84' lang='lat' dir='ltr'><em>l</em></span> <span class='ocrx_word' id='word_1_235' title='bbox 942 2511 1023 2559; x_wconf 88' lang='lat' dir='ltr'><strong>del</strong></span> <span class='ocrx_word' id='word_1_236' title='bbox 1047 2511 1247 2560; x_wconf 87' lang='lat' dir='ltr'><strong>Counte</strong></span> <span class='ocrx_word' id='word_1_237' title='bbox 1271 2511 1335 2561; x_wconf 87' lang='lat' dir='ltr'><strong>de</strong></span> <span class='ocrx_word' id='word_1_238' title='bbox 1358 2510 1562 2560; x_wconf 75' lang='lat' dir='ltr'>Lanark</span> <span class='ocrx_word' id='word_1_239' title='bbox 1592 2527 1603 2559; x_wconf 84' lang='lat' dir='ltr'><em>l</em></span> <span class='ocrx_word' id='word_1_240' title='bbox 1630 2509 1800 2576; x_wconf 67' lang='lat' dir='ltr'><strong>Aleyn</strong></span> <span class='ocrx_word' id='word_1_241' title='bbox 1837 2509 1992 2559; x_wconf 92' lang='lat' dir='ltr'>Abbe</span> <span class='ocrx_word' id='word_1_242' title='bbox 2033 2510 2096 2558; x_wconf 90' lang='lat' dir='ltr'><strong>de</strong></span> <span class='ocrx_word' id='word_1_243' title='bbox 2121 2508 2375 2576; x_wconf 68' lang='lat' dir='ltr'><strong>Alnewyk</strong></span> <span class='ocrx_word' id='word_1_244' title='bbox 2407 2509 2490 2559; x_wconf 89' lang='lat' dir='ltr'><strong>del</strong></span> 
     </span>
     <span class='ocr_line' id='line_1_23' title="bbox 569 2608 2491 2676; baseline 0.001 -17"><span class='ocrx_word' id='word_1_245' title='bbox 569 2611 767 2659; x_wconf 87' lang='lat' dir='ltr'><strong>Counte</strong></span> <span class='ocrx_word' id='word_1_246' title='bbox 790 2610 852 2659; x_wconf 87' lang='lat' dir='ltr'><strong>de</strong></span> <span class='ocrx_word' id='word_1_247' title='bbox 875 2609 1119 2676; x_wconf 67' lang='lat' dir='ltr'><strong>Berewyk</strong></span> <span class='ocrx_word' id='word_1_248' title='bbox 1139 2610 1272 2660; x_wconf 88' lang='lat' dir='ltr'>saluz</span> <span class='ocrx_word' id='word_1_249' title='bbox 1301 2638 1312 2650; x_wconf 93' lang='lat'><strong>·</strong></span> <span class='ocrx_word' id='word_1_250' title='bbox 1372 2611 1483 2660; x_wconf 90' lang='lat' dir='ltr'><strong>Pur</strong></span> <span class='ocrx_word' id='word_1_251' title='bbox 1507 2625 1593 2658; x_wconf 86' lang='lat' dir='ltr'><strong>ceo</strong></span> <span class='ocrx_word' id='word_1_252' title='bbox 1636 2612 1739 2676; x_wconf 58' lang='grc'><strong><em>[856.</em></strong></span> <span class='ocrx_word' id='word_1_253' title='bbox 1777 2616 1835 2658; x_wconf 77' lang='lat' dir='ltr'><strong>ut</strong></span> <span class='ocrx_word' id='word_1_254' title='bbox 1870 2608 2067 2675; x_wconf 67' lang='lat' dir='ltr'><strong>supra]</strong></span> <span class='ocrx_word' id='word_1_255' title='bbox 2138 2608 2346 2658; x_wconf 71' lang='lat' dir='ltr'><strong>Don66s</strong></span> <span class='ocrx_word' id='word_1_256' title='bbox 2383 2611 2491 2675; x_wconf 63' lang='grc' dir='ltr'><strong>[ᾀο.</strong></span> 
     </span>
    </p>
   </div>
   <div class='ocr_carea' id='block_1_8' title="bbox 573 2708 835 2774">
    <p class='ocr_par' dir='ltr' id='par_1_8' title="bbox 573 2708 835 2774">
     <span class='ocr_line' id='line_1_24' title="bbox 573 2708 835 2774; baseline 0.008 -18"><span class='ocrx_word' id='word_1_257' title='bbox 573 2716 626 2758; x_wconf 82' lang='lat' dir='ltr'><strong>ut</strong></span> <span class='ocrx_word' id='word_1_258' title='bbox 641 2708 835 2774; x_wconf 69' lang='lat' dir='ltr'><strong>supra]</strong></span> 
     </span>
    </p>
   </div>
   <div class='ocr_carea' id='block_1_9' title="bbox 572 2890 2492 3369">
    <p class='ocr_par' dir='ltr' id='par_1_9' title="bbox 572 2890 2492 3369">
     <span class='ocr_line' id='line_1_25' title="bbox 574 2890 2490 2972; baseline -0.001 -21"><span class='ocrx_word' id='word_1_259' title='bbox 574 2890 713 2951; x_wconf 86' lang='lat' dir='ltr'><strong>Item</strong></span> <span class='ocrx_word' id='word_1_260' title='bbox 731 2930 743 2941; x_wconf 94' lang='lat'><strong>·</strong></span> <span class='ocrx_word' id='word_1_261' title='bbox 813 2904 868 2952; x_wconf 94' lang='lat' dir='ltr'>A</span> <span class='ocrx_word' id='word_1_262' title='bbox 901 2909 1021 2953; x_wconf 87' lang='lat' dir='ltr'><strong>touz</strong></span> <span class='ocrx_word' id='word_1_263' title='bbox 1055 2920 1199 2955; x_wconf 88' lang='lat' dir='ltr'><strong>ceaus</strong></span> <span class='ocrx_word' id='word_1_264' title='bbox 1232 2905 1324 2972; x_wconf 87' lang='lat' dir='ltr'><strong>qui</strong></span> <span class='ocrx_word' id='word_1_265' title='bbox 1357 2905 1506 2955; x_wconf 83' lang='lat' dir='ltr'><strong>oestes</strong></span> <span class='ocrx_word' id='word_1_266' title='bbox 1541 2905 1713 2956; x_wconf 85' lang='lat' dir='ltr'><strong>lettres</strong></span> <span class='ocrx_word' id='word_1_267' title='bbox 1754 2908 1958 2954; x_wconf 86' lang='lat' dir='ltr'><strong>verront</strong></span> <span class='ocrx_word' id='word_1_268' title='bbox 1990 2917 2061 2951; x_wconf 93' lang='lat' dir='ltr'><strong>ou</strong></span> <span class='ocrx_word' id='word_1_269' title='bbox 2103 2906 2275 2951; x_wconf 85' lang='lat' dir='ltr'><strong>orront</strong></span> <span class='ocrx_word' id='word_1_270' title='bbox 2289 2917 2308 2951; x_wconf 79' lang='lat' dir='ltr'><em>t</em></span> <span class='ocrx_word' id='word_1_271' title='bbox 2322 2901 2359 2950; x_wconf 92' lang='lat' dir='ltr'><strong>J</strong></span> <span class='ocrx_word' id='word_1_272' title='bbox 2359 2899 2490 2950; x_wconf 83' lang='lat' dir='ltr'><strong>ohan</strong></span> 
     </span>
     <span class='ocr_line' id='line_1_26' title="bbox 572 2998 2486 3070; baseline 0 -24"><span class='ocrx_word' id='word_1_273' title='bbox 572 2998 635 3047; x_wconf 89' lang='lat' dir='ltr'><strong>de</strong></span> <span class='ocrx_word' id='word_1_274' title='bbox 658 2999 979 3066; x_wconf 68' lang='lat' dir='ltr'>Rammeseye</span> <span class='ocrx_word' id='word_1_275' title='bbox 1004 3019 1021 3049; x_wconf 85' lang='lat' dir='ltr'><em>l</em></span> <span class='ocrx_word' id='word_1_276' title='bbox 1046 3002 1218 3050; x_wconf 88' lang='lat' dir='ltr'><strong>Adam</strong></span> <span class='ocrx_word' id='word_1_277' title='bbox 1241 3002 1304 3051; x_wconf 89' lang='lat' dir='ltr'><strong>de</strong></span> <span class='ocrx_word' id='word_1_278' title='bbox 1325 3003 1627 3070; x_wconf 60' lang='lat' dir='ltr'>Rameseyet</span> <span class='ocrx_word' id='word_1_279' title='bbox 1650 3003 1687 3053; x_wconf 90' lang='lat' dir='ltr'><strong>J</strong></span> <span class='ocrx_word' id='word_1_280' title='bbox 1688 3002 1819 3052; x_wconf 89' lang='lat' dir='ltr'><strong>ohan</strong></span> <span class='ocrx_word' id='word_1_281' title='bbox 1841 3001 1908 3051; x_wconf 83' lang='lat' dir='ltr'><strong>fiz</strong></span> <span class='ocrx_word' id='word_1_282' title='bbox 1933 3001 2072 3052; x_wconf 85' lang='lat' dir='ltr'>Nece</span> <span class='ocrx_word' id='word_1_283' title='bbox 2095 2999 2159 3048; x_wconf 89' lang='lat' dir='ltr'><strong>de</strong></span> <span class='ocrx_word' id='word_1_284' title='bbox 2181 2999 2454 3066; x_wconf 66' lang='lat' dir='ltr'>Rfimeseye</span> <span class='ocrx_word' id='word_1_285' title='bbox 2470 3017 2486 3047; x_wconf 82' lang='lat' dir='ltr'><em>l</em></span> 
     </span>
     <span class='ocr_line' id='line_1_27' title="bbox 574 3095 2490 3170; baseline 0.001 -25"><span class='ocrx_word' id='word_1_286' title='bbox 574 3095 808 3145; x_wconf 86' lang='lat' dir='ltr'><strong>William</strong></span> <span class='ocrx_word' id='word_1_287' title='bbox 833 3096 895 3145; x_wconf 87' lang='lat' dir='ltr'><strong>de</strong></span> <span class='ocrx_word' id='word_1_288' title='bbox 917 3098 1191 3164; x_wconf 60' lang='lat' dir='ltr'>Rameseye</span> <span class='ocrx_word' id='word_1_289' title='bbox 1217 3116 1230 3149; x_wconf 84' lang='grc' dir='ltr'><em>ι</em></span> <span class='ocrx_word' id='word_1_290' title='bbox 1257 3100 1492 3150; x_wconf 85' lang='lat' dir='ltr'>William</span> <span class='ocrx_word' id='word_1_291' title='bbox 1514 3101 1579 3151; x_wconf 87' lang='lat' dir='ltr'><strong>de</strong></span> <span class='ocrx_word' id='word_1_292' title='bbox 1602 3099 1912 3170; x_wconf 62' lang='lat' dir='ltr'><strong>Kindellogh</strong></span> <span class='ocrx_word' id='word_1_293' title='bbox 1938 3115 1952 3149; x_wconf 79' lang='grc' dir='ltr'><em>ι</em></span> <span class='ocrx_word' id='word_1_294' title='bbox 1975 3096 2213 3148; x_wconf 87' lang='lat' dir='ltr'>William</span> <span class='ocrx_word' id='word_1_295' title='bbox 2233 3095 2298 3146; x_wconf 88' lang='lat' dir='ltr'><strong>de</strong></span> <span class='ocrx_word' id='word_1_296' title='bbox 2322 3097 2490 3163; x_wconf 90' lang='lat' dir='ltr'>Lagh-</span> 
     </span>
     <span class='ocr_line' id='line_1_28' title="bbox 575 3194 2490 3262; baseline 0.002 -20"><span class='ocrx_word' id='word_1_297' title='bbox 575 3197 855 3259; x_wconf 70' lang='lat' dir='ltr'><strong>manoueny</strong></span> <span class='ocrx_word' id='word_1_298' title='bbox 881 3212 898 3243; x_wconf 80' lang='grc' dir='ltr'><em>ι</em></span> <span class='ocrx_word' id='word_1_299' title='bbox 923 3194 1155 3243; x_wconf 86' lang='lat' dir='ltr'>William</span> <span class='ocrx_word' id='word_1_300' title='bbox 1211 3196 1274 3244; x_wconf 88' lang='lat' dir='ltr'><strong>de</strong></span> <span class='ocrx_word' id='word_1_301' title='bbox 1317 3199 1515 3248; x_wconf 71' lang='lat' dir='ltr'><strong>Lectofi</strong></span> <span class='ocrx_word' id='word_1_302' title='bbox 1543 3216 1560 3247; x_wconf 78' lang='lat' dir='ltr'><em>t</em></span> <span class='ocrx_word' id='word_1_303' title='bbox 1585 3197 1784 3247; x_wconf 86' lang='lat' dir='ltr'>Gilbert</span> <span class='ocrx_word' id='word_1_304' title='bbox 1826 3195 1904 3244; x_wconf 78' lang='lat' dir='ltr'><strong>de</strong></span> <span class='ocrx_word' id='word_1_305' title='bbox 1949 3194 2213 3262; x_wconf 62' lang='lat' dir='ltr'><strong>Kymmok</strong></span> <span class='ocrx_word' id='word_1_306' title='bbox 2237 3211 2256 3244; x_wconf 77' lang='grc' dir='ltr'><em>ι</em></span> <span class='ocrx_word' id='word_1_307' title='bbox 2280 3194 2376 3245; x_wconf 89' lang='lat' dir='ltr'><strong>Iue</strong></span> <span class='ocrx_word' id='word_1_308' title='bbox 2425 3194 2490 3245; x_wconf 83' lang='lat' dir='ltr'><strong>de</strong></span> 
     </span>
     <span class='ocr_line' id='line_1_29' title="bbox 575 3291 2492 3369; baseline 0.002 -29"><span class='ocrx_word' id='word_1_309' title='bbox 575 3291 873 3342; x_wconf 78' lang='lat' dir='ltr'><strong>Brinsholles</strong></span> <span class='ocrx_word' id='word_1_310' title='bbox 898 3309 917 3342; x_wconf 77' lang='grc' dir='ltr'><em>Ι</em></span> <span class='ocrx_word' id='word_1_311' title='bbox 941 3291 1162 3343; x_wconf 85' lang='lat' dir='ltr'><strong>Richard</strong></span> <span class='ocrx_word' id='word_1_312' title='bbox 1198 3293 1262 3343; x_wconf 87' lang='lat' dir='ltr'><strong>de</strong></span> <span class='ocrx_word' id='word_1_313' title='bbox 1303 3294 1527 3346; x_wconf 86' lang='lat' dir='ltr'><strong>Lasceles</strong></span> <span class='ocrx_word' id='word_1_314' title='bbox 1550 3313 1570 3351; x_wconf 79' lang='grc' dir='ltr'><em>ι</em></span> <span class='ocrx_word' id='word_1_315' title='bbox 1596 3293 1829 3347; x_wconf 84' lang='lat' dir='ltr'>William</span> <span class='ocrx_word' id='word_1_316' title='bbox 1862 3293 1927 3346; x_wconf 85' lang='lat' dir='ltr'><strong>de</strong></span> <span class='ocrx_word' id='word_1_317' title='bbox 1962 3292 2238 3343; x_wconf 75' lang='lat' dir='ltr'>Laskeresk&#39;</span> <span class='ocrx_word' id='word_1_318' title='bbox 2252 3310 2270 3344; x_wconf 80' lang='lat' dir='ltr'><em>t</em></span> <span class='ocrx_word' id='word_1_319' title='bbox 2294 3292 2492 3369; x_wconf 62' lang='lat' dir='ltr'><strong>Robexft</strong></span> 
     </span>
    </p>
   </div>
   <div class='ocr_carea' id='block_1_10' title="bbox 2977 0 3048 1491">
    <p class='ocr_par' dir='ltr' id='par_1_10' title="bbox 2977 0 3048 1491">
     <span class='ocr_line' id='line_1_30' title="bbox 2977 0 3048 1491; baseline 0 0"><span class='ocrx_word' id='word_1_320' title='bbox 2977 0 3048 1491; x_wconf 95' lang='lat' dir='ltr'><strong> </strong></span> 
     </span>
    </p>
   </div>
  </div>
 </body>
</html>
