3048 3978
1558 412 1654 461 164

651 560 712 607 de
735 559 903 608 Victie
935 559 1081 621 psone
1105 557 1186 607 del
1209 557 1375 624 Eglise
1398 557 1462 606 de
1484 557 1699 624 Edenyn
1721 557 1936 607 [Mestre
1962 557 2110 607 Nicol
2131 557 2195 606 de
2218 558 2421 608 Mertofi
2441 575 2551 625 per-

648 658 761 705 sone
783 656 864 705 del
888 656 1057 722 Eglise
1090 656 1154 704 de
1178 656 1439 721 Kynathes
1460 673 1476 704 l
1499 657 1683 705 Mestre
1707 656 1745 705 J
1745 655 1874 705 ohan
1898 655 2223 722 Ercedyakne
2243 655 2552 721 Breghinens

647 753 728 801 del
752 753 934 803 Comte
957 753 1020 802 de
1043 752 1251 802 Forfare
1273 770 1284 802 l
1308 753 1500 803 Roberffi
1533 754 1596 802 de
1619 754 1872 802 Montfort
1905 753 1987 802 del
2021 748 2222 802 Counte
2255 753 2318 801 de
2342 753 2550 802 Kincar-

649 852 754 916 dyn
787 852 840 899 in
874 851 1096 900 Miernes
1113 869 1130 899 t
1149 851 1366 900 Andreu
1398 853 1603 916 persone
1636 851 1717 900 del
1748 851 1915 916 Eglise
1955 851 2018 900 de
2054 850 2271 916 Fylorth
2291 873 2306 898 l
2326 851 2552 900 Wautier

647 948 834 997 Mestre
867 948 949 996 del
982 948 1215 1013 Hospital
1249 949 1312 996 de
1352 949 1624 997 Kineardin
1658 949 1738 997 sur
1771 948 1927 997 Neele
1963 966 1975 997 ι
2005 948 2189 997 Mestre
2227 947 2455 997 William
2489 948 2553 996 de

651 1045 844 1094 Dunde
862 1063 878 1093 l
894 1046 1096 1110 persone
1119 1045 1200 1094 del
1222 1045 1390 1110 Eglise
1413 1046 1476 1094 de
1499 1045 1701 1112 Aluy‘dzh
1718 1063 1735 1094 l
1755 1045 1986 1111 Ferghus
2020 1045 2297 1111 chanoigne
2320 1045 2383 1093 de
2400 1044 2554 1094 Abir-

649 1142 747 1191 de‘fi
782 1142 863 1190 del
899 1143 1099 1191 Counte
1132 1143 1196 1191 de
1228 1143 1458 1192 Abirdefi
1483 1166 1498 1190 ι
1524 1143 1689 1193 ,1011311
1724 1143 1787 1191 (18
1822 1142 2167 1192 Aberkerthor
2186 1160 2203 1191 l
2225 1142 2459 1192 William
2491 1142 2555 1190 de

654 1239 1043 1304 Kircuthbright
1068 1263 1083 1287 l
1108 1241 1286 1289 mestre
1330 1241 1410 1289 del
1458 1241 1690 1306 Hospital
1729 1241 1792 1289 de
1836 1240 2062 1305 Tun-yth
2086 1258 2104 1288 l
2129 1240 2210 1288 del
2248 1241 2448 1289 Counte
2493 1240 2556 1287 de

651 1336 789 1385 Banf
806 1354 824 1385 l
842 1338 1049 1401 Anegos
1083 1337 1146 1385 de
1178 1337 1481 1386 Rotheneek
1500 1354 1518 1385 l
1539 1338 1778 1387 Wautier
1800 1337 1980 1386 Herok
2000 1355 2017 1385 t
2043 1338 2217 1386 Deens
2240 1337 2304 1385 de
2329 1337 2526 1386 Morref
2537 1360 2551 1383 l

652 1434 851 1499 Austyn
885 1434 933 1482 le
954 1434 1136 1482 vicaire
1159 1433 1240 1480 del
1263 1434 1433 1498 Eglise
1473 1434 1536 1482 de
1559 1434 1873 1498 Boterothyn
1896 1451 1908 1483 l
1930 1434 2116 1482 Mestre
2138 1435 2317 1500 Henry
2338 1434 2402 1482 de
2426 1435 2565 1482 Banf

650 1530 944 1579 chauneeler
988 1530 1051 1577 de
1086 1530 1284 1578 Morref
1313 1530 1395 1577 del
1430 1530 1630 1579 Counte
1669 1530 1732 1577 de
1768 1529 1936 1596 Elgyn
1955 1552 1969 1576 l
1992 1530 2155 1578 Marie
2189 1530 2238 1578 13
2269 1531 2448 1595 Β8Ῠ118
2493 1531 2555 1578 (18

650 1630 773 1676 Μ311
795 1650 809 1673 l
837 1627 1022 1675 Mestre
1062 1628 1239 1692 Heruy
1262 1627 1413 1675 Deen
1452 1627 1515 1674 (18
1553 1626 1832 1692 Ι)111(81(1Ῠ11
1851 1649 1866 1673 l
1890 1626 2120 1675 Dunkan
2154 1627 2218 1675 de
2251 1627 2553 1692 Rameseyer

649 1726 849 1789 persone
888 1724 970 1772 del
1010 1724 1178 1789 Eglise
1224 1724 1288 1772 de
1325 1724 1562 1789 Loghore
1587 1747 1601 1771 l
1631 1724 1779 1773 Nieol
1815 1725 1879 1772 de
1923 1725 1971 1772 la
2011 1725 2163 1788 Haye
2188 1742 2205 1771 l
2228 1724 2431 1788 persone
2477 1725 2555 1772 del

647 1823 816 1887 Eglise
844 1822 907 1870 de
930 1821 1055 1870 Erol
1075 1845 1091 1868 ι
1113 1821 1334 1871 Thomas
1368 1822 1431 1869 de
1465 1821 1668 1870 Presto‘fi
1691 1821 1969 1886 chanoigne
2003 1821 2084 1870 del
2120 1822 2289 1886 Eglise
2322 1822 2385 1870 de
2409 1823 2556 1871 Dun-

646 1920 830 1985 keldyn
857 1937 874 1967 t
902 1919 1088 1968 Mestre
1128 1918 1361 1967 William
1395 1918 1586 1984 Tylliol
1612 1937 1629 1966 l
1649 1919 1925 1985 chanoigne
1959 1920 2022 1968 de
2054 1919 2240 1968 mesme
2271 1920 2320 1968 18
2353 1920 2521 1985 Eglise
2540 1944 2554 1967 l

648 2018 884 2066 VVautier
924 2018 986 2066 de
1029 2017 1228 2082 Kergifl
1250 2034 1260 2066 t
1290 2017 1469 2083 Henr5r
1508 2017 1572 2065 de
1619 2018 1869 2066 Lemato‘t‘i
1914 2018 2118 2082 persone
2163 2018 2243 2066 del
2282 2018 2451 2083 Eglise
2495 2019 2558 2067 de

650 2117 833 2164 Douns
855 2138 869 2162 l
897 2116 1068 2164 Adam
1110 2115 1334 2163 Bernard
1370 2116 1433 2164 de
1470 2114 1654 2163 Hiltofi
1681 2138 1696 2162 l
1723 2115 1804 2164 (181
1841 2116 2041 2165 Counte
2077 2116 2141 2164 de
2178 2116 2337 2189 Perth
2359 2134 2371 2166 l
2391 2116 2557 2165 Johan

650 2213 885 2277 Rymour
906 2231 921 2261 l
941 2214 1148 2279 Agneys
1172 2213 1234 2262 de
1258 2213 1451 2279 Twysse
1472 2230 1483 2262 ι
1505 2214 1714 2278 Anneys
1736 2213 1783 2261 la
1808 2214 2048 2279 Gynnere
2067 2236 2082 2261 t
2103 2214 2250 2263 Rauf
2277 2214 2454 2262 mestre
2476 2214 2557 2262 del

649 2311 882 2375 Hospital
905 2311 966 2360 de
991 2311 1234 2360 Lawedre
1255 2329 1272 2359 l
1292 2310 1530 2360 Douenal
1552 2311 1735 2359 vicaire
1758 2311 1822 2359 de
1845 2311 2061 2360 Dunkel
2078 2329 2094 2359 Ι
2111 2312 2259 2360 Rauf
2284 2311 2347 2359 de
2381 2312 2555 2360 Houe-

649 2409 744 2456 defi
763 2426 779 2456 t
795 2410 995 2472 persone
1019 2409 1100 2457 del
1123 2409 1292 2474 Eglise
1315 2409 1379 2458 de
1403 2409 1728 2473 Whytousne
1745 2426 1763 2457 l
1782 2409 1958 2458 Dauid
1979 2410 2183 2474 persone
2205 2408 2287 2457 del
2304 2409 2473 2474 Eglise
2494 2410 2557 2458 de

649 2506 844 2571 Hyltofi
864 2524 880 2553 l
899 2506 1116 2554 Thomas
1151 2507 1298 2570 psone
1332 2507 1413 2555 del
1447 2506 1615 2571 Eglise
1649 2506 1713 2554 de
1749 2507 1928 2555 Hotofi
1951 2523 1963 2555 l
1986 2506 2205 2555 Thomas
2238 2506 2302 2555 de
2335 2507 2557 2555 Hunsm-

647 2620 803 2667 goure
836 2605 1038 2668 persone
1072 2604 1153 2652 del
1176 2604 1345 2670 Eglise
1379 2604 1443 2652 de
1466 2603 1804 2652 Aldhamstok
1820 2621 1838 2652 l
1853 2603 2027 2652 Adam
2051 2603 2218 2652 Lamb
2251 2605 2455 2669 persone
2477 2604 2557 2653 del

649 2701 816 2766 Eglise
840 2702 902 2750 de
928 2702 1271 2751 Foulesworth
1292 2720 1302 2752 ι
1326 2701 1521 2751 00111181
1555 2703 1762 2768 persone
1794 2701 1877 2751 del
1912 2702 2082 2766 Eglise
2115 2702 2179 2750 de
2202 2702 2522 2751 Cambossanc
2538 2721 2555 2750 l

646 2799 680 2846 J
682 2799 810 2846 ohan
841 2799 903 2848 de
927 2800 1166 2866 Baddeby
1188 2799 1269 2848 del
1294 2799 1496 2849 Counte
1529 2800 1594 2849 de
1626 2799 1872 2866 Berewyk
1892 2817 1909 2848 l
1929 2799 2124 2848 Morice
2157 2799 2322 2848 Louel
2353 2801 2556 2864 persone

653 2896 733 2943 del
755 2896 923 2961 Eglise
956 2897 1018 2946 de
1043 2898 1195 2963 Petyt
1218 2898 1366 2946 Cares
1389 2915 1400 2947 l
1421 2899 1457 2947 J
1458 2897 1588 2946 ohan
1623 2898 1687 2946 de
1721 2897 1986 2947 Coneueth
2005 2914 2016 2946 ι
2036 2897 2241 2961 persone
2273 2895 2355 2944 del
2387 2896 2555 2961 Eglise

651 2992 714 3039 de
738 2992 1010 3042 Alneerom
1031 3012 1047 3042 l
1067 2995 1247 3060 Phelsp
1272 2997 1446 3061 Bruyn
1466 3013 1484 3044 l
1499 2995 1582 3044 del
1611 2995 1812 3044 Counte
1845 2994 1909 3043 de
1941 2993 2244 3059 Roksburgh
2263 3010 2282 3041 t
2299 2993 2470 3043 James
2493 2994 2556 3043 de

651 3089 784 3138 Crak
801 3107 818 3137 l
834 3090 914 3139 del
938 3090 1137 3139 Counte
1160 3092 1223 3139 de
1249 3093 1458 3158 Selkyrk
1477 3111 1494 3141 l
1512 3091 1706 3141 Michel
1729 3092 1792 3140 de
1816 3091 2010 3140 Dunde
2025 3112 2041 3138 ι
2057 3090 2260 3156 persone
2281 3090 2363 3139 del
2385 3091 2556 3157 Eglise

647 3188 710 3235 de
726 3187 1020 3237 Stubbehok
1039 3206 1056 3236 l
1073 3188 1229 3238 Frere
1247 3189 1468 3239 Thomas
1497 3190 1676 3240 mestre
1697 3188 1761 3237 de
1780 3189 1830 3237 la
1850 3188 2018 3238 meson
2041 3188 2105 3236 de
2126 3188 2174 3237 13
2193 3188 2362 3238 Seinte
2381 3188 2554 3254 010198
2614 3230 2626 3237 ,

645 3285 708 3333 (18
747 3284 960 3334 Pebbles
982 3303 999 3334 t
1025 3285 1211 3336 Mestre
1253 3287 1476 3337 Richard
1514 3287 1578 3337 de
1616 3285 1847 3338 Bouldefi
1867 3303 1886 3336 l
1907 3286 2112 3352 persone
2157 3285 2240 3336 del
2279 3286 2450 3354 Eglise
2488 3287 2551 3336 de
