3048 3978
1385 395 1390 399 ’
1401 402 1496 447 115

477 538 590 589 Dei
613 540 900 608 Eu‘ngeliis
938 543 993 592 in
1032 543 1198 592 fornia
1231 539 1502 608 fflbscripta
1520 541 1834 591 fidelitatem
1866 542 2006 591 suam
2038 541 2266 590 firmarfit
2298 555 2401 590 cor-

390 644 393 646 “
482 620 663 703 poralis
687 641 890 691 vinculo
917 642 1158 707 jurameti
1174 658 1192 689 1
1217 646 1269 690 et
1290 642 1437 706 super
1459 636 1751 702 fidelitatib3
1785 639 1884 688 suis
1917 646 1970 688 et
1990 639 2237 706 homagiis
2259 639 2401 688 factis

478 736 605 787 ficut
638 738 767 787 infra
801 742 943 804 patet
981 740 1170 788 iterum
1209 740 1321 787 suas
1356 743 1584 804 patentes
1617 735 1809 786 litteras
1842 737 2069 786 fecerunt
2101 737 2200 786 suis
2231 736 2400 803 figillis
2443 759 2452 765 *

478 836 779 900 pendentiby,
821 837 1127 903 consignatas
1153 854 1172 885 1
1195 851 1335 902 quau
1373 820 1526 896 lit‘Pa‘zp
1565 834 1853 901 incipiendo
1891 836 2024 900 p'mo
2046 835 2109 883 ad
2132 835 2357 885 Prelatos
2384 852 2397 884 1

476 933 592 997 θβοε
617 951 636 982 1
660 937 803 983 abbes
829 952 847 983 1
871 941 923 984 et
965 936 1153 1001 priores
1179 952 1196 983 1
1220 934 1537 1000 subsequeter
1580 949 1702 982 vero
1749 933 1813 981 ad
1856 932 2065 981 Nobiles
2092 949 2104 982 1
2134 933 2357 982 Comites
2385 951 2396 983 1

478 1030 698 1080 Barones
725 1049 743 1080 1
767 1037 819 1081 et
841 1033 961 1081 alios
983 1032 1169 1081 milites
1197 1050 1214 1081 1
1239 1038 1291 1080 et
1313 1033 1378 1081 fic
1399 1032 1584 1080 ultimo
1618 1030 1962 1080 descendendo
1985 1031 2046 1078 ad
2062 1031 2400 1079 comunitates

476 1127 634 1187 villan
659 1147 677 1177 1
702 1135 754 1178 et
776 1130 897 1179 alios
921 1130 1107 1179 incolas
1130 1130 1305 1197 Regni
1331 1131 1501 1182 Scocie
1524 1130 1790 1179 memorati
1811 1147 1828 1177 1
1852 1128 2067 1177 seriatim
2090 1128 2143 1175 in
2166 1128 2328 1191 offiibq,
2353 1134 2402 1176 et

473 1241 563 1288 per
584 1228 667 1274 oia
689 1227 812 1276 tales
834 1229 949 1276 sunt
971 1213 1168 1305 tenores
1194 1257 1206 1269 ·

476 1406 532 1471 A
572 1427 695 1471 touz
736 1438 883 1472 ceaus
906 1424 997 1489 qui
1038 1424 1188 1472 cestes
1221 1423 1393 1472 lettres
1416 1429 1621 1472 verront
1654 1440 1722 1472 ou
1757 1428 1929 1471 orront
1947 1441 1963 1471 1
1983 1422 2178 1471 Robert
2202 1422 2400 1487 Euesqe

472 1517 536 1566 de
559 1518 774 1568 Glascou
794 1537 805 1569 1
827 1522 1008 1586 Henry
1031 1522 1231 1586 Euesqe
1254 1519 1318 1569 de
1342 1521 1585 1570 Abreden
1603 1539 1620 1569 1
1637 1521 1857 1570 Thomas
1877 1521 2074 1586 Euesqe
2091 1521 2154 1568 de
2173 1520 2400 1568 Candide

473 1616 593 1664 Case
614 1634 630 1664 1
650 1617 783 1665 saluz
805 1646 816 1658 ·
866 1619 976 1666 Pur
999 1634 1085 1667 ceo
1108 1635 1172 1685 qe
1195 1635 1322 1668 nous
1346 1620 1508 1668 sumes
1531 1635 1698 1668 venuz
1737 1619 1764 1667 ὅ,
1799 1619 1848 1667 la
1883 1618 1952 1667 foi
1977 1621 2005 1666 ό
2045 1635 2074 1666 a
2108 1618 2155 1665 la
2188 1617 2400 1666 volunte

472 1712 543 1761 du
578 1715 823 1763 tresnoble
864 1717 1045 1765 Prince
1084 1720 1174 1766 nPe
1214 1717 1349 1765 chier
1387 1718 1633 1782 Seigneur
1669 1717 1757 1765 fire
1790 1716 2013 1765 Edward
2040 1733 2130 1781 par
2167 1716 2215 1764 la
2253 1731 2398 1780 grace

473 1810 610 1859 Dieu
634 1812 738 1862 Roi
762 1796 1044 1879 DenglePre
1067 1832 1078 1864 1
1100 1815 1346 1880 Seigneur
1370 1814 1587 1864 Dirland
1611 1833 1622 1864 1
1645 1818 1673 1864 ἑ
1699 1816 1844 1864 Ducs
1868 1814 2215 1879 Daquitaigne
2237 1831 2249 1863 1
2270 1829 2398 1862 nous

472 1915 803 1972 promettoms
824 1912 879 1976 p²
900 1928 1028 1960 nous
1051 1914 1080 1960 ό
1103 1929 1200 1977 pur
1222 1929 1312 1961 nos
1334 1913 1628 1962 succefl'ours
1651 1930 1662 1962 1
1685 1914 1765 1961 sur
1783 1913 1930 1978 peine
1954 1912 2017 1960 de
2041 1928 2146 1961 cors
2170 1913 2198 1960 ό
2221 1911 2399 1960 dauoir

473 2008 501 2054 e
524 2007 605 2055 sur
626 2009 740 2071 qaent
763 1983 827 2073 qe
862 2026 991 2058 nous
1025 2011 1272 2075 peuffoms
1305 2026 1521 2059 encoure
1539 2027 1551 2059 1
1569 2027 1634 2075 qe
1668 2026 1798 2058 nous
1833 2011 1871 2058 li
1912 2010 2174 2058 seruiroms
2212 2010 2328 2057 bien
2369 2011 2397 2057 e

471 2103 728 2153 leaument
762 2111 933 2154 contre
968 2112 1098 2156 totes
1142 2112 1296 2173 gentz
1337 2109 1429 2174 qui
1473 2113 1686 2172 purront
1725 2108 1870 2156 viure
1904 2110 1933 2156 e
1965 2108 2119 2155 morir
2163 2111 2292 2154 totes
2328 2106 2398 2154 les

469 2201 569 2250 foiz
609 2218 674 2266 qe
710 2218 839 2252 nous
878 2204 1085 2253 serroms
1107 2204 1276 2270 requis
1299 2221 1367 2254 ou
1401 2205 1576 2270 garniz
1611 2205 1676 2253 de
1708 2221 1798 2269 par
1830 2209 1921 2252 nie
1958 2205 2200 2269 Seigneur
2224 2203 2273 2252 le
2295 2204 2400 2253 Roi

470 2281 757 2365 Dengle‘Pre
812 2302 1045 2350 auantdit
1095 2319 1162 2350 ou
1208 2318 1298 2367 par
1341 2303 1414 2351 ses
1459 2302 1589 2351 heirs
1615 2320 1632 2350 1
1658 2305 1686 2351 e
1731 2319 1795 2367 qe
1838 2318 1967 2351 nous
2024 2302 2132 2351 leur
2188 2302 2399 2367 damage

469 2412 533 2446 ne
555 2399 773 2447 sauroms
797 2416 861 2464 qe
882 2411 1011 2448 nous
1035 2399 1118 2448 nel
1141 2400 1478 2449 destorbeoms
1501 2401 1528 2448 ὅ,
1552 2406 1630 2449 tot
1652 2403 1740 2449 nfe
1763 2416 1883 2466 poer
1901 2418 1913 2450 1
1934 2403 1961 2449 e
1983 2400 2031 2448 le
2053 2400 2164 2449 leur
2185 2401 2397 2448 faceoms

470 2495 498 2543 ὅ,
520 2495 682 2545 sauoir
700 2523 713 2537 ·
763 2497 812 2545 E
839 2498 866 2545 ὅ.
887 2498 1033 2546 cestes
1056 2497 1221 2547 choses
1253 2499 1385 2547 tenir
1418 2500 1447 2547 e
1480 2495 1696 2564 guarder
1716 2516 1733 2547 1
1753 2514 1880 2547 nous
1911 2498 2184 2564 obligeoms
2207 2514 2335 2547 nous
2368 2499 2396 2545 e

470 2598 565 2641 nos
582 2594 873 2643 successours
896 2612 907 2644 1
928 2598 957 2644 e
980 2601 1101 2644 touz
1124 2612 1216 2644 nos
1239 2596 1380 2644 biens
1397 2614 1414 2645 1
1434 2598 1462 2645 ό
1485 2602 1632 2646 outre
1649 2613 1737 2645 ceo
1759 2613 1932 2645 auoms
1947 2596 2092 2661 jurez
2115 2596 2198 2644 sur
2219 2596 2394 2643 seintes

470 2690 773 2756 Euaengeiles.
788 2718 801 2732 ·
838 2692 984 2742 Estre
1006 2709 1093 2743 ceo
1114 2711 1131 2742 1
1150 2710 1279 2743 nous
1301 2700 1422 2743 touz
1441 2712 1458 2743 1
1476 2697 1505 2744 e
1528 2694 1740 2743 chescun
1763 2695 1827 2743 de
1849 2708 1982 2742 nous
1999 2709 2087 2758 par
2104 2694 2173 2742 soi
2192 2710 2203 2742 1
2221 2709 2395 2741 auoms

468 2787 560 2850 fait
581 2789 748 2838 feaute
771 2790 798 2838 a
821 2794 910 2840 n‘r’e
935 2792 1146 2858 Seignor
1167 2790 1215 2841 le
1234 2792 1339 2841 Roi
1361 2793 1594 2842 auantdit
1617 2808 1679 2841 en
1703 2792 1851 2841 cestes
1874 2791 2064 2857 paroles
2082 2818 2094 2831 ·
2130 2792 2166 2841 J
2168 2807 2226 2839 eo
2249 2790 2393 2839 serrai

468 2885 567 2937 feal
585 2904 599 2937 1
620 2889 649 2937 ό
671 2887 767 2937 leal
787 2906 800 2939 1
822 2891 851 2939 e
873 2890 943 2938 foi
966 2907 995 2939 e
1015 2890 1183 2939 leaute
1215 2891 1434 2957 porterai
1453 2909 1472 2942 1
1489 2909 1556 2941 au
1578 2892 1682 2941 Roi
1703 2891 1928 2941 Edward
1949 2891 2053 2939 Roi
2077 2872 2359 2954 DenglePre
2377 2906 2393 2937 1

470 2987 499 3036 ό
523 2985 552 3035 a
573 2986 644 3036 ses
667 2986 797 3036 heirs
819 2988 914 3037 lde
936 2988 1016 3037 vie
1039 2990 1068 3038 e
1091 2989 1155 3038 de
1176 2989 1385 3038 m'enbre
1420 2992 1449 3039 e
1483 2990 1548 3039 de
1582 2990 1764 3038 terrien
1797 2989 1992 3038 honeur
2012 3004 2024 3037 1
2046 2995 2218 3037 contre
2265 2992 2393 3036 totes

469 3088 622 3148 gentz
644 3085 747 3151 qui.
761 3088 976 3151 purron't
998 3087 1143 3136 viure
1165 3088 1194 3136 e
1217 3088 1372 3136 morit
1391 3105 1409 3137 1
1426 3090 1455 3137 e
1471 3087 1686 3155 jammes
1718 3100 1818 3152 pur
1850 3086 1975 3153 nuly
1997 3102 2156 3134 armes
2189 3101 2255 3134 ne
2278 3101 2392 3150 por-

469 3181 594 3230 tet-ai
614 3197 718 3231 nen
736 3184 915 3234 conseil
936 3200 1037 3234 nen
1060 3186 1172 3236 eide
1195 3184 1263 3235 ne
1283 3184 1439 3235 serrai'
1463 3191 1636 3236 contre
1657 3186 1695 3235 li
1717 3203 1735 3234 1
1750 3201 1816 3234 ne
1848 3192 2021 3234 contre
2053 3186 2124 3233 ses
2147 3184 2276 3232 heirs
2295 3199 2308 3232 1
2328 3197 2390 3230 en

471 3275 567 3326 nul
584 3293 664 3327 cas
686 3294 750 3344 qe
771 3287 888 3344 poet
904 3282 1084 3342 auenir
1104 3300 1122 3332 1
1137 3287 1168 3333 ἑ
1201 3283 1459 3334 leaument
1481 3283 1796 3333 -reconustrai
1839 3284 1869 3331 ό
1907 3282 2164 3331 leaument
2195 3279 2286 3328 frai
2319 3278 2388 3327 les
