3048 3978
319 1544 382 1584 M.
395 1544 462 1585 32.

1429 414 1526 468 167

494 555 820 632 'Alisaundre
866 557 984 608 Seot
1008 574 1028 606 l
1050 557 1115 607 de
1158 556 1416 623 Pertheyk
1441 575 1461 607 l
1483 557 1728 608 Rouland
1772 558 1835 607 de
1879 559 2152 608 Cromkam
2169 577 2187 608 l
2205 559 2429 610 Richard

516 654 789 704 Lawesone
832 654 897 703 de
940 653 1116 720 Bykre
1139 671 1160 703 l
1182 653 1384 704 Gilbert
1427 654 1492 703 de
1535 654 1797 719 Leppeine
1817 673 1835 704 l
1852 656 2020 722 Hugh
2065 657 2129 706 de
2175 657 2384 707 Grenok
2412 676 2429 706 l

514 752 735 801 Thomas
756 752 821 801 de
835 751 1010 801 Clenel
1025 768 1044 800 t
1062 751 1236 817 Roger
1255 751 1304 800 16
1321 750 1535 801 Orfeure
1555 739 1620 800 (16
1633 752 1878 819 Berewyk
1896 771 1909 803 1
1926 754 2100 803 Adam
2123 756 2186 804 de
2201 756 2392 805 Donan
2409 779 2423 802 l

514 849 731 898 Richard
764 849 828 898 de
865 849 1072 914 Horssey
1094 865 1106 898 ι
1128 847 1364 898 William
1400 849 1581 915 Hardy
1596 865 1615 897 ι
1628 848 1854 898 William
1890 850 1954 898 de
1994 851 2216 917 Elgeryk
2233 870 2249 900 l
2272 853 2428 902 Gille-

515 946 732 1012 homedy
748 963 765 994 t
784 946 960 1011 Roger
981 945 1045 995 de
1069 945 1293 1012 Merleye
1313 962 1331 994 l
1350 945 1532 994 Patrik
1564 945 1628 994 de
1651 946 1915 995 Comenok
1933 964 1945 996 l
1966 947 2148 996 Patrik
2170 949 2235 998 fiz
2260 951 2297 999 J
2297 950 2428 998 ohan

514 1045 578 1093 de
600 1044 731 1109 Boys
752 1061 768 1091 l
785 1043 932 1092 Pat¹k
960 1043 1027 1092 fiz
1050 1042 1215 1092 Johan
1237 1043 1431 1093 Neiuin
1450 1059 1462 1093 ι
1481 1043 1716 1092 William
1739 1042 1805 1092 fiz
1830 1044 1976 1093 Gode
2010 1045 2074 1093 de
2109 1046 2279 1095 Seinte
2311 1047 2393 1112 foy
2411 1066 2427 1095 l

513 1141 688 1190 Adam
733 1140 797 1190 de
841 1139 1037 1189 Cadiou
1059 1157 1071 1190 ι
1097 1141 1291 1207 Rogier
1335 1140 1401 1189 de
1441 1140 1675 1189 Glasford
1702 1157 1714 1190 ι
1743 1141 1983 1191 Cristiane
2031 1142 2304 1191 Semlaund
2331 1160 2343 1192 ι
2370 1144 2433 1191 (16

513 1238 709 1300 Cadjou
747 1237 831 1286 del
866 1237 1067 1287 Counte
1112 1238 1177 1288 de
1223 1238 1428 1288 Lanark
1445 1256 1463 1287 l
1486 1238 1619 1288 fialuz
1642 1267 1655 1279 ·
1713 1239 1824 1288 Pur
1862 1255 1949 1288 eeo
1993 1242 2097 1306 [35⁶·
2139 1248 2194 1289 ut
2231 1243 2431 1308 supra]

513 1335 721 1384 Donees
759 1339 862 1402 [ξε.
886 1343 944 1385 ut
962 1310 1162 1403 sapim]

517 1517 658 1580 Item
724 1529 780 1577 A
803 1534 925 1578 touz
950 1545 1094 1578 ceaus
1125 1529 1216 1594 qui
1250 1530 1400 1579 cestes
1432 1530 1603 1580 lettres
1637 1535 1840 1580 verront
1874 1547 1942 1580 ou
1975 1537 2146 1579 orront
2163 1550 2180 1581 t
2197 1532 2342 1581 Rauf
2372 1534 2434 1581 de

516 1627 769 1675 Lasceles1
791 1626 965 1675 Adam
988 1627 1051 1675 de
1075 1627 1384 1693 Gloggestofi
1403 1646 1421 1677 l
1440 1629 1615 1678 Huwe
1637 1629 1700 1677 de
1720 1629 1927 1678 Neutofi
1947 1646 1958 1677 1
1981 1629 2181 1694 Austyn
2205 1630 2268 1679 de
2289 1630 2433 1678 Mur-

513 1723 593 1771 ref
604 1741 615 1773 l
637 1724 810 1772 Adam
829 1724 892 1772 de
911 1724 1254 1773 Gibelotestofi
1275 1742 1292 1773 l
1308 1725 1466 1773 Aliue
1483 1725 1546 1774 de
1562 1726 1810 1791 Vypount
1826 1744 1843 1774 t
1860 1726 2034 1775 Adam
2057 1727 2120 1774 de
2137 1726 2387 1776 Kirketofi
2414 1745 2425 1776 ι

514 1821 737 1870 Richard
776 1822 840 1870 de
879 1820 1319 1871 Paffenandeshufl
1340 1839 1353 1872 ι
1376 1822 1458 1871 (161
1499 1823 1701 1872 Counte
1740 1824 1803 1872 de
1842 1824 2188 1889 Edeneburgh
2215 1842 2231 1872 t
2257 1824 2438 1889 Henry

511 1920 660 1982 psone
683 1919 764 1968 del
788 1919 956 1985 Eglise
980 1920 1043 1968 de
1068 1919 1359 1970 Munime11
1380 1920 1463 1969 (161
1486 1920 1686 1969 Counte
1720 1921 1784 1969 de
1818 1922 1926 1987 Fyf
1943 1938 1955 1971 l
1976 1922 2197 1971 Druwet
2229 1922 2292 1970 de
2318 1922 2430 1971 Kil-

513 2017 627 2065 brid
648 2035 664 2065 l
682 2017 763 2066 del
782 2017 983 2065 Counte
1006 2017 1069 2065 de
1086 2018 1197 2066 Are
1215 2035 1232 2065 1
1252 2017 1487 2067 William
1511 2018 1575 2069 de
1594 2018 1751 2083 Sulby
1768 2036 1785 2067 l
1802 2018 1883 2067 (161
1899 2020 2099 2069 Counte
2117 2020 2180 2067 de
2196 2019 2400 2068 Lanark
2420 2037 2432 2067 l

517 2115 760 2164 Alianore
777 2115 1011 2163 Prioreffe
1029 2115 1093 2163 de
1110 2114 1410 2164 Lencludan
1429 2133 1448 2164 l
1467 2115 1550 2164 del
1567 2116 1766 2164 Counte
1783 2115 1846 2164 de
1861 2117 2087 2165 Dunfres
2105 2134 2122 2164 l
2139 2116 2437 2165 Maueolum

517 2212 680 2277 Wyet
714 2212 796 2261 del
830 2213 1032 2262 COunte
1066 2213 1131 2260 (16
1164 2213 1374 2278 Anegos
1393 2229 1406 2263 1
1427 2213 1730 2262 Alisaundre
1762 2213 1827 2262 de
1859 2213 2075 2262 Harcars
2096 2231 2114 2261 l
2133 2213 2215 2262 del
2238 2214 2438 2263 Counte

518 2309 583 2357 de
622 2309 731 2374 Fyf
748 2327 760 2359 l
782 2309 953 2375 Aleyn
990 2310 1277 2375 Frauneeys
1303 2332 1318 2356 l
1345 2308 1531 2374 Henry
1569 2311 1820 2359 Braceour
1859 2311 1923 2359 de
1958 2310 1995 2359 J
1996 2310 2288 2359 eddeworth
2316 2328 2328 2359 l
2356 2311 2437 2359 del

519 2407 722 2456 Counte
756 2406 820 2455 de
852 2406 1189 2472 Rokesburgh
1211 2423 1223 2456 ι
1244 2406 1479 2456 William
1514 2408 1720 2472 persone
1759 2407 1842 2455 del
1875 2407 2043 2472 Eglise
2086 2407 2150 2456 de
2185 2407 2402 2456 Aldh‘m
2422 2426 2437 2455 l

519 2504 603 2551 del
647 2504 848 2552 Counte
894 2504 958 2551 de
1003 2504 1350 2570 Edeneburgh
1388 2522 1406 2553 l
1436 2504 1686 2569 Phelippe
1725 2505 1789 2553 de
1830 2505 2023 2553 Linto‘fi
2058 2523 2076 2552 l
2111 2505 2194 2553 del
2239 2506 2440 2554 Counte

520 2600 584 2648 de
623 2600 869 2665 Berewyk
894 2618 912 2648 l
936 2601 1115 2649 Dauid
1153 2601 1218 2649 de
1257 2602 1424 2650 Beton
1451 2602 1670 2651 chiualer
1697 2619 1714 2649 t
1739 2601 1821 2650 del
1859 2602 2059 2651 Counte
2090 2602 2153 2650 de
2185 2602 2391 2650 Forfare
2418 2621 2435 2649 l

520 2698 735 2747 Eustace
773 2698 837 2746 de
871 2697 1118 2747 Bikerto'fi
1157 2698 1239 2747 del
1279 2699 1481 2748 Counte
1518 2700 1583 2748 de
1618 2699 1714 2748 Fif
1729 2716 1747 2747 l
1770 2698 2072 2748 Alisaundre
2105 2699 2306 2763 persone
2345 2699 2430 2746 del

520 2795 690 2861 Eglise
737 2796 801 2844 de
852 2796 1002 2862 Logy
1031 2814 1049 2844 l
1086 2795 1170 2845 del
1215 2797 1416 2846 Counte
1460 2798 1525 2846 de
1569 2796 1774 2847 Forfare
1807 2814 1825 2845 l
1857 2796 2050 2845 Moriee
2099 2795 2163 2843 de
2207 2796 2430 2861 Ughter-

520 2894 712 2961 ardogh
770 2894 854 2943 del
911 2895 1112 2944 Counte
1169 2887 1232 2943 de
1282 2895 1691 2961 Ughterardoure
1720 2912 1738 2943 l
1770 2895 1806 2944 J
1807 2894 1938 2943 ohan
1983 2894 2047 2942 de
2094 2893 2395 2959 Sharperto'fi
2423 2911 2435 2942 t

521 2993 586 3042 de
628 2992 978 3059 Edeneburgh
996 3011 1013 3041 l
1040 2993 1211 3059 Aleyn
1257 2993 1322 3043 de
1366 2993 1416 3042 13
1454 2992 1742 3043 Garderobe
1768 3010 1786 3041 l
1810 2991 1893 3040 del
1929 2991 2131 3041 Counte
2165 2991 2396 3041 auantdit
2417 3009 2434 3039 l

521 3090 823 3141 Alisaundre
856 3092 921 3141 de
954 3091 1246 3158 Creyghtoi‘i
1284 3091 1349 3141 de
1388 3092 1574 3141 mesme
1611 3091 1659 3141 16
1699 3092 1902 3141 Counte
1921 3108 1939 3138 t
1953 3089 2132 3140 Patrik
2167 3090 2234 3138 fiz
2271 3089 2309 3139 J
2309 3089 2438 3137 ohan

520 3187 707 3254 Neuyn
730 3188 813 3238 del
833 3189 1036 3240 Counte
1058 3190 1122 3239 de
1140 3189 1346 3240 Lanark
1361 3207 1380 3239 l
1399 3193 1516 3240 Saer
1537 3190 1601 3239 de
1615 3188 1834 3240 Dundas
1854 3206 1872 3237 l
1891 3190 1919 3236 ό
1943 3188 2166 3253 Gerueys
2188 3186 2251 3235 de
2269 3186 2438 3251 Lang-

523 3283 631 3334 hild
652 3284 736 3334 del
756 3284 959 3336 Counte
979 3287 1045 3337 de
1068 3286 1295 3337 Linliseu
1318 3285 1484 3337 1saluz
1501 3314 1514 3329 ·
1572 3287 1685 3336 Pur
1715 3300 1802 3334 ceo
1830 3300 1894 3350 qe
1924 3299 2051 3334 nous
2082 3283 2243 3332 sumes
2271 3297 2436 3331 venuz
