3048 3978
339 1730 404 1771 M.
421 1732 490 1772 30.

1455 411 1555 463 1⁵9

526 553 605 605 ’(16
626 554 861 616 menbrer
881 556 911 606 ὁ
933 554 998 606 de
1017 536 1153 604 ‘Prien
1184 551 1379 604 honeur
1397 559 1422 603 ι’
1435 558 1611 604 contn‘e‘
1629 558 1760 603 totes
1793 559 1944 619 gentz
1967 555 2057 620 qui
2089 559 2301 620 purront
2324 554 2467 605 viure

539 653 875 706 ouomorir-JA
888 652 1233 720 jgmtmempur
1267 650 1396 717 -nuly'⁷
1428 666 1588 700 armes
1616 666 1689 701 ne
1727 652 1942 716 porterai
1969 670 1981 702 ι
2008 669 2108 702 nen
2150 652 2330 702 oonseil
2367 669 2467 704 nen

542 749 753 800 eide-wne
783 750 1140 817 serrqinoentre
1165 748 1350 815 dimne
1389 753 1561 798 contre
1604 749 1675 797 ses
1710 747 1842 799 heirs
1872 765 1971 799 ten
2007 750 2100 799 nul
2135 766 2213 800 cas
2253 767 2317 816 qe
2349 756 2469 817 poe't

538 847 746 898 auenir·
761 871 773 897 ;
812 847 865 898 Ε
903 846 1162 897 leaument
1193 846 1495 897 moonustrai
1522 863 1545 895 1v
1562 848 1591 896 ό
1635 846 1892 896 leaument
1923 847 2016 896 srai
2047 848 2117 897 les
2155 850 2362 899 seruices
2407 866 2470 915 qe

536 950 831 1009 apartenent
852 961 904 997 as
928 950 1220 995 tenementz
1248 962 1266 994 ι
1286 960 1358 1010 ,qe
1372 944 1462 1009 jeo
1483 944 1631 994 cleim
1647 945 1797 994 'tenir
1830 945 1894 994 de
1914 944 1966 1011 ly
1983 964 1999 994 l
2018 947 2054 993 fi
2078 946 2219 995 Dieu
2241 963 2326 996 me
2360 947 2470 996 eide

537 1045 566 1091 ἐ
599 1042 690 1094 169Ἴ
708 1043 879 1094 Seintz
901 1069 914 1083 ·
973 1043 1060 1093 En
1094 1043 1468 1108 tesmoignance
1502 1042 1589 1091 des
1613 1059 1775 1108 queus
1808 1042 1981 1092 choses
2007 1060 2138 1092 nous
2171 1061 2345 1093 auoms
2377 1045 2470 1094 fait

536 1140 657 1191 faire
678 1141 827 1191 oestes
843 1141 1014 1191 lettres
1028 1148 1239 1191 zouertes
1251 1141 1430 1191 sealees
1449 1141 1513 1190 de
1529 1157 1620 1190 nos
1643 1142 1780 1190 seaus
1796 1168 1808 1182 ·
1848 1142 2055 1191 Donees
2081 1144 2184 1208 [35⁰-
2202 1149 2259 1192 ut
2271 1144 2468 1208 supra]

539 1321 681 1385 Item
697 1361 711 1374 ·
768 1335 825 1384 A
867 1339 990 1385 touz
1017 1311 1162 1385 ceans
1185 1338 1277 1402 qui
1301 1337 1449 1387 cestes
1472 1337 1642 1386 lettres
1665 1343 1870 1386 verront
1909 1355 1977 1387 ou
2017 1344 2189 1387 orront
2212 1357 2230 1388 l
2249 1338 2471 1388 Richard

540 1430 604 1484 de
627 1432 846 1498 Boyuile
883 1433 971 1483 del.
989 1434 1192 1485 Counte
1231 1435 1294 1484 de
1333 1436 1445 1485 Are
1463 1453 1475 1485 ι
1493 1436 1718 1485 William
1758 1437 1821 1484 de
1859 1436 2091 1502 Kingorii
2111 1454 2128 1485 ι
2143 1439 2346 1502 persone
2386 1438 2467 1487 del

537 1530 711 1596 Eglise
753 1532 818 1581 de
863 1532 1129 1598 Kiltyerne
1150 1551 1168 1582 ι
1193 1533 1277 1582 (161
1317 1535 1518 1583 Counte
1551 1535 1615 1583 de
1650 1535 1922 1584 lnthernes
1944 1552 1956 1584 1
1976 1536 2013 1585 J
2014 1536 2153 1584 ohan·
2192 1536 2256 1584 de
2288 1537 2425 1585 Araz
2450 1555 2466 1584 l

540 1628 720 1679 Patrik
757 1630 821 1678 de
860 1630 1128 1681 Bar-donari
1153 1649 1171 1680 l
1192 1632 1387 1695 Moriqe
1427 1633 1682 1700 Maesalny
1704 1651 1722 1682 1
1747 1633 1828 1682 del
1866 1634 2068 1683 Counte
2103 1635 2167 1683 de
2204 1635 2430 1684 Dunfres
2446 1654 2463 1684 ι

541 1727 758 1777 Andreu
797 1728 880 1777 del
920 1729 1028 1778 Ker
1048 1746 1066 1778 t
1086 1729 1169 1778 del
1203 1732 1401 1779 Counte
1434 1731 1498 1779 de
1533 1731 1770 1781 Striuelin
1787 1752 1802 1779 t
1825 1732 2085 1796 Laurenqe
2124 1733 2188 1781 de
2211 1733 2428 1782 Wedale
2446 1752 2462 1781 l

540 1825 690 1876 Niool
711 1826 759 1876 le
783 1827 1055 1892 Chapelain
1078 1828 1285 1893 gardein
1309 1829 1373 1876 de
1394 1829 1443 1878 la
1463 1831 1633 1878 meson
1658 1830 1797 1880 Dieu
1819 1830 1883 1879 de
1905 1830 2240 1897 Rokesburgh
2259 1848 2270 1881 ι
2288 1832 2463 1882 Adam

538 1923 602 1971 de
627 1924 860 1974 Sostlawe
883 1925 965 1974 del
988 1926 1190 1976 Counte
1213 1926 1277 1974 de
1299 1926 1601 1994 Roke'sburg
1617 1945 1634 1975 t
1650 1928 1863 1994 Aylmer
1896 1929 1961 1978 de
1996 1929 2228 1979 Sostlawe
2259 1931 2463 1995 persone

536 2021 616 2071 del
650 2022 821 2088 Eglise
859 2023 923 2071 de
946 2024 1180 2089 Douglas
1195 2047 1211 2072 Ι
1228 2025 1425 2074 Robert
1458 2025 1523 2073 de
1557 2012 1885 2074 Jedde'worth
1906 2044 1923 2075 ι
1938 2029 2140 2092 persone
2175 2028 2257 2076 del
2293 2028 2463 2093 Eglise

535 2119 599 2168 de
622 2120 919 2186 Kermighel
939 2139 956 2169 l
973 2121 1056 2170 del
1075 2122 1277 2172 Counte
1299 2122 1364 2170 de
1386 2122 1592 2172 Lanark
1606 2140 1624 2171 l
1641 2123 1882 2189 Gregoire
1905 2124 1969 2172 de
1992 2124 2227 2174 Maleuifl
2247 2143 2264 2174 l
2282 2126 2461 2191 Hem-y

535 2218 600 2266 de
628 2218 1190 2284 SmythetofisRoberf
1230 2220 1294 2268 de
1335 2220 1654 2286 Walughtofi
1675 2239 1692 2269 t
1710 2222 1914 2287 persone
1952 2222 2016 2270 de
2053 2222 2102 2272 la
2138 2222 2359 2289 Chapele
2398 2224 2462 2272 de

535 2315 860 2381 Walughtofi
877 2333 890 2366 ι
909 2317 991 2365 (161
1015 2317 1216 2366 Counte
1239 2318 1302 2367 de
1325 2318 1673 2384 Edeneburgh
1693 2340 1708 2366 ι
1730 2319 2016 2385 Margarete
2038 2337 2102 2386 qe
2126 2321 2183 2370 fu
2205 2320 2254 2370 la
2275 2322 2462 2371 femme

534 2414 729 2463 Pieres*
751 2415 816 2463 de
854 2415 1053 2482 Lundy
1069 2434 1086 2465 t
1104 2416 1185 2466 del
1233 2415 1436 2466 Counte
1475 2417 1539 2465 de
1579 2416 1687 2483 Fyf
1701 2435 1718 2466 t
1742 2418 1889 2467 Nicol
1935 2418 1998 2467 de
2035 2419 2327 2486 Pynkertofi
2346 2439 2362 2468 l
2383 2422 2462 2469 del

537 2512 739 2570 Counte
761 2512 825 2562 de
848 2513 1153 2579 Hadingto'fi
1177 2515 1245 2564 1J
1246 2514 1378 2563 ohan
1412 2514 1476 2564 de
1513 2516 1724 2581 Haytofi
1746 2515 1856 2566 [(161
1882 2517 2084 2566 Counte
2113 2518 2177 2566 de
2200 2518 2426 2568 Dunfres
2442 2538 2459 2567 l

537 2609 758 2682 Thomas
791 2610 855 2659 de
878 2611 1187 2661 Hinkerstass
1207 2630 1223 2661 t
1241 2612 1410 2662 Johan
1432 2613 1740 2679 Prendegest.
1758 2631 1775 2662 l
1795 2613 2025 2663 William
2049 2616 2113 2664 de
2141 2601 2226 2666 03
2253 2617 2422 2683 Eytofi
2440 2636 2458 2665 t

535 2707 688 2756 Rauf
704 2706 756 2756 le
773 2707 1019 2774 Mefl'ager
1037 2727 1056 2758 ι
1074 2709 1245 2775 ΑΙεῨιι
1267 2710 1331 2759 (16
1355 2711 1625 2777 Langetoii
1648 2730 1665 2761 l
1683 2709 1876 2762 Roberf
1909 2713 1972 2762 de
1999 2714 2216 2762 Dunbar
2235 2732 2254 2762 l
2273 2715 2460 2765 Steuen

535 2805 642 2872 E51r
681 2805 746 2866 (16
769 2804 975 2872 ΕῨῐόῖυ
995 2807 1031 2856 J
1033 2823 1129 2856 one
1165 2824 1229 2873 qe
1264 2808 1322 2858 fu
1358 2807 1411 2857 la
1440 2809 1628 2859 femme
1667 2808 1908 2859 Randulf
1925 2811 2164 2878 Wyscard
2187 2815 2246 2862 ιέ
2269 2813 2460 2862 Βοδωί

534 2902 612 2952 dev
625 2903 883 2953 Houedefi
903 2922 921 2953 l
940 2904 1023 2954 (161
1046 2905 1248 2955 Counte
1271 2907 1335 2955 de
1357 2907 1604 2974 Berewyk
1625 2907 1758 2958 saluz
1774 2936 1788 2948 ·
1822 2908 1934 2956 Pur
1956 2920 2043 2957 ceo
2064 2925 2129 2974 qe
2150 2925 2278 2959 nous
2299 2911 2460 2960 sumes

533 3001 752 3051 venuti
773 3002 822 3052 la
862 3002 934 3052 foi
953 3005 999 3063 e
1033 3005 1061 3052 ἔι
1091 3004 1145 3053 la
1175 3002 1388 3054 volun'te
1431 3005 1504 3055 du
1548 3005 1793 3055 tresnoble
1829 3007 2013 3057 Prince
2029 3025 2046 3056 l
2065 3009 2094 3057 e
2132 3009 2294 3058 nostre
2329 3009 2461 3059 chier

537 3097 781 3164 Seigneur
809 3100 915 3152 Sire
941 3102 1167 3152 Edward
1202 3119 1291 3168 par
1313 3103 1361 3152 la
1392 3120 1540 3170 grace
1575 3104 1718 3154 Die'u
1756 3104 1860 3154 Roi
1883 3087 2166 3171 DenglePre
2185 3124 2202 3154 l
2220 3107 2461 3173 Seigneur

535 3192 825 3259 Qfl=.6·
845 3198 992 3249 Du'cs
1031 3201 1382 3267 Daquitaigne
1406 3219 1424 3250 l
1447 3217 1576 3251 nous
1608 3207 1939 3268 promettoms
1979 3219 2077 3268 pur
2115 3219 2242 3252 nous
2289 3206 2317 3251 ἐ
2361 3219 2460 3268 pur

536 3305 629 3340 nos
659 3289 792 3343 heire
821 3294 905 3344 sur
933 3296 1082 3361 peine
1117 3297 1182 3346 de
1217 3313 1324 3347 cors
1357 3299 1385 3346 ἐ
1410 3298 1587 3352 dauoir
1606 3316 1624 3347 ι
1643 3301 1672 3347 e
1698 3300 1785 3354 ⁴sur
1815 3300 1931 3364 qfl‘nt
1965 3315 2029 3364 qe
2058 3315 2186 3349 nous
2217 3299 2459 3365 peuffoms
