3048 3978
1372 509 1468 555 145

456 647 678 701 Geruald
700 668 713 702 1
743 651 989 719 Gregoire
1022 651 1099 700 (16
1125 649 1402 700 Inredouet
1428 667 1441 700 1
1467 649 1667 700 Robert
1706 649 1771 699 de
1805 650 2097 719 Walghope
2122 669 2140 702 1
2165 652 2386 704 Thomas

459 750 586 799 Kair
610 769 627 795 1
645 750 838 799 Robert
860 749 924 798 de
947 748 1114 798 Orrok
1131 765 1150 797 1
1166 747 1347 814 Η6ΠΓῩ
1364 748 1428 796 (16
1451 747 1842 814 Aynestrothere
1863 766 1875 799 1
1892 750 2064 799 Pieres
2087 751 2150 799 de
2165 751 2386 801 Chaum-

456 848 641 913 paigne
665 866 684 898 1
704 847 940 898 William
980 847 1045 896 de
1084 846 1308 912 Petkery
1333 863 1351 894 1
1375 847 1406 895 J
1413 845 1544 894 ohan
1584 846 1648 894 de
1690 846 1957 896 Cambhou
1983 865 2000 896 1
2024 848 2384 899 Bartholomeu

456 946 519 994 de
540 946 848 996 Kildunhaem
869 964 886 995 1
905 946 942 995 J
942 946 1075 995 ohan
1097 945 1161 994 de
1183 945 1519 1010 Abercrunby
1546 961 1558 993 1
1586 944 1762 993 Adam
1786 945 1849 993 de
1874 945 2148 1013 Lumbyny
2169 965 2186 995 1
2201 948 2384 996 Patrik

454 1043 518 1092 de
543 1045 848 1094 Dundemer
863 1067 878 1092 1
896 1044 1132 1094 William
1156 1044 1219 1093 de
1244 1041 1516 1108 Freffeleye
1537 1060 1553 1091 1
1577 1042 1812 1107 Symund
1835 1043 1898 1092 de
1922 1043 2088 1093 Orrok
2108 1062 2124 1092 1
2143 1045 2296 1093 Peres
2319 1046 2383 1094 de

454 1142 699 1191 Petcarne
719 1160 736 1191 ι
754 1142 908 1192 Bride
929 1142 994 1190 fiz
1017 1142 1184 1191 Johan
1205 1158 1216 1191 1
1238 1134 1361 1207 El'ys
1384 1140 1448 1188 de
1471 1139 1610 1206 Orky
1628 1158 1640 1190 1
1658 1140 1883 1189 Richard
1906 1140 1969 1189 de
1992 1141 2348 1191 Balmakomor
2363 1165 2380 1189 ι

454 1239 688 1289 Winiam
711 1240 774 1289 de
798 1241 969 1288 Knere
995 1256 1008 1289 1
1037 1240 1216 1305 Henry
1241 1239 1376 1304 Grey
1403 1255 1414 1288 1
1442 1238 1540 1287 Ele
1574 1238 1637 1287 de
1661 1239 1773 1304 Fyf
1792 1256 1803 1288 1
1831 1240 2007 1288 Huwe
2037 1240 2100 1288 de
2122 1239 2169 1287 la
2192 1240 2340 1306 Haye
2365 1259 2382 1287 1

453 1315 708 1385 Lambard
730 1337 914 1385 vicaire
936 1336 1000 1384 de
1025 1325 1179 1386 Karal
1203 1355 1221 1386 1
1248 1337 1428 1402 Henry
1451 1337 1515 1384 de
1539 1337 1792 1386 Monimel
1818 1354 1835 1384 1
1858 1338 1895 1386 J
1897 1337 2027 1386 ohan
2061 1338 2125 1386 de
2149 1338 2383 1404 Hading-

449 1434 538 1481 tofi
564 1451 582 1481 1
606 1435 643 1483 J
644 1434 774 1483 ohan
799 1435 970 1484 Fresel
995 1452 1012 1482 1
1036 1435 1206 1483 Dauid
1240 1436 1412 1484 Arnot
1440 1451 1451 1483 1
1479 1435 1697 1483 Andreu
1721 1434 2020 1500 Balmalkyn
2066 1436 2293 1486 Richard
2317 1436 2381 1484 de

448 1532 711 1597 Seadaghy
733 1550 745 1582 1
767 1533 942 1581 Adam
967 1532 1133 1598 Cluny
1153 1549 1169 1579 1
1190 1531 1380 1581 Isabele
1406 1532 1522 1582 Scot
1539 1549 1556 1579 1
1575 1532 1812 1581 Wautier
1835 1532 1899 1580 de
1923 1532 2106 1598 Loghy
2123 1550 2140 1581 1
2157 1533 2377 1581 Thomas

449 1630 514 1679 de
533 1629 771 1695 Balkasky
793 1647 809 1677 1
829 1631 865 1679 J
866 1630 996 1678 ohan
1021 1631 1084 1679 de
1104 1630 1479 1679 Randoluestofi
1498 1647 1510 1679 1
1532 1630 1705 1679 Adam
1731 1631 1794 1679 de
1812 1630 2090 1696 Petyelank
2109 1649 2127 1679 1
2144 1631 2379 1680 William

449 1727 512 1775 de
557 1727 604 1775 la
650 1727 798 1794 Haye
826 1744 838 1776 1
865 1728 929 1776 (16
976 1728 1334 1794 Drumranagh
1361 1751 1377 1775 1
1405 1728 1583 1777 Dauid
1628 1729 1691 1777 de
1735 1729 1783 1776 la
1820 1729 2106 1777 Garderobe
2131 1747 2148 1777 1
2174 1729 2272 1779 Ele
2312 1731 2376 1778 de

449 1826 645 1874 Ardros
671 1843 688 1873 1
714 1826 892 1874 Dauid
915 1827 978 1874 de
1003 1826 1281 1893 Hadyntofi
1309 1845 1326 1874 1
1350 1808 1544 1876 Robert
1566 1827 1628 1874 de
1655 1826 1884 1875 Dunduf
1903 1844 1915 1876 1
1933 1827 2172 1876 Wautier
2195 1828 2376 1876 vicaire

449 1924 513 1971 de
531 1924 793 1990 Forgrunt
810 1946 825 1971 1
838 1924 1072 1973 William
1095 1925 1369 1973 Doberuifl
1386 1943 1402 1972 1
1420 1926 1447 1973 e
1463 1926 1501 1975 J
1502 1925 1634 1973 ohan
1656 1925 1704 1973 le
1723 1924 1931 1991 Waleys
1952 1943 1969 1973 1
1993 1925 2058 1973 fiz
2083 1925 2305 1975 Thomas
2328 1927 2375 1975 16

448 2021 646 2087 Waleys
666 2039 683 2070 1
708 2023 790 2070 (161
812 2024 1015 2072 Counte
1038 2023 1102 2071 de
1125 2022 1412 2088 Fyf1saluz
1433 2049 1445 2063 ·
1483 2023 1593 2072 Pur
1616 2039 1702 2071 ceo
1729 2027 1834 2089 [856.
1857 2030 1913 2072 αι
1931 2023 2129 2089 supra]
2168 2023 2373 2074 Donees

447 2123 562 2186 [ἑξ-ε.
585 2128 642 2169 ut
660 2122 859 2186 supra]
1371 2138 1373 2142 ⁴

447 2302 591 2366 Item
657 2316 714 2365 A
737 2321 856 2365 touz
891 2333 1037 2367 ceaus
1071 2318 1163 2384 qui
1194 2319 1343 2367 cestes
1376 2318 1547 2367 lettres
1577 2323 1782 2367 verront
1815 2334 1883 2367 ou
1914 2324 2084 2367 orront
2103 2336 2120 2367 1
2137 2319 2374 2368 Douenal

446 2413 801 2464 Makaehelson
828 2433 846 2464 1
872 2416 1021 2465 Nicol
1059 2416 1107 2466 16
1142 2417 1208 2464 fiz
1249 2417 1424 2466 Adam
1461 2417 1525 2466 de
1549 2417 1857 2466 Dunbretan
1883 2435 1900 2465 1
1927 2418 2124 2467 Gilbert
2148 2418 2211 2466 de
2234 2419 2372 2467 Inre-

446 2511 620 2560 lauran
653 2530 665 2563 1
694 2514 934 2562 Douenal
991 2515 1235 2564 Galbrath
1285 2515 1349 2563 de
1395 2515 1627 2564 Kilbride
1652 2538 1667 2563 1
1695 2516 1929 2565 Dunkan
1975 2516 2255 2566 Makilerist
2310 2517 2373 2564 de

448 2610 780 2676 Leuenaghes
808 2629 821 2661 1
848 2612 1089 2661 Douenal
1110 2613 1157 2661 16
1179 2614 1245 2662 fiz
1270 2614 1464 2662 Michel
1487 2616 1636 2665 More
1659 2615 1722 2663 de
1745 2615 2076 2679 Leuenaghes
2097 2633 2114 2662 1
2139 2615 2371 2664 Dunkan

446 2707 698 2772 Alpinsofi
745 2709 808 2758 de
850 2710 1156 2775 Aughtulus
1184 2728 1195 2760 1
1223 2712 1405 2761 Patri}
1428 2713 1676 2779 Flemeng?
1710 2712 1791 2761 (161
1816 2712 2017 2762 Counte
2044 2712 2107 2760 de
2132 2712 2370 2761 Dunbre-

444 2811 531 2856 tan
558 2823 575 2854 1
595 2807 743 2873 Iwyn
766 2807 829 2855 de
852 2809 1078 2874 Garghifl
1100 2827 1112 2859 1
1135 2810 1357 2860 Duncan
1382 2811 1684 2877 Maggadelf
1699 2810 1762 2859 de
1786 2810 2075 2860 Cambroun
2095 2827 2106 2859 1
2126 2810 2368 2859 Maleolm

446 2904 512 2954 de
555 2905 936 2972 Bougheannan
965 2925 976 2958 1
1005 2908 1200 2958 Gilberf
1256 2909 1319 2959 de
1376 2909 1677 2959 Buthernok
1702 2926 1715 2959 1
1743 2909 1968 2959 Dunean
2024 2908 2157 2957 Bard
2183 2926 2200 2957 1
2226 2909 2371 2958 Briee

446 3003 750 3054 Finlausone
772 3005 836 3054 de
859 3005 1084 3074 Netbolg}¹
1129 3007 1349 3056 Thomas
1382 3008 1431 3056 le
1453 3009 1519 3057 fiz
1545 3007 1805 3060 Mauclom
1828 3008 1892 3056 de
1916 3007 2323 3073 Garthgeuertofi
2352 3025 2369 3055 1

446 3100 638 3151 Robert
661 3103 853 3153 Cochet
878 3122 896 3153 1
919 3105 1144 3154 Richard
1168 3106 1384 3155 Pefl‘oun
1409 3125 1426 3155 1
1451 3107 1515 3156 (16
1540 3106 1779 3157 Striuelin
1804 3124 1822 3155 1
1850 3106 2046 3156 Robert
2076 3105 2332 3155 Dirlaund
2350 3123 2368 3152 1

448 3197 674 3252 Thomas.
707 3201 777 3251 de
807 3203 1208 3271 Mountgomery‘s
1233 3222 1250 3253 1
1276 3205 1412 3254 Gille
1451 3205 1614 3255 Folan
1653 3205 1701 3253 le
1744 3206 1891 3255 Rous
1918 3222 1931 3255 1
1957 3207 1986 3253 ό
2025 3204 2177 3253 Eude
2215 3204 2263 3251 16
2300 3203 2368 3251 fiz

448 3294 642 3344 Morioe
665 3314 684 3345 1
708 3297 791 3346 (161
831 3299 1032 3353 Counte
1068 3302 1132 3350 de
1174 3302 1426 3367 Striuelyn
1451 3320 1469 3350 1
1493 3304 1522 3350 e
1546 3302 1743 3351 Gilberf
1758 3344 1761 3347 .
1775 3303 1840 3350 de
1861 3301 2104 3351 Annethe
2130 3317 2148 3349 1
2171 3300 2367 3364 Fergus

445 3391 636 3445 Askolo
662 3409 676 3444 1
703 3393 906 3460 Gilbert
926 3397 991 3446 de
1014 3397 1291 3448 Hannethe
1316 3415 1330 3465 ¹.
1357 3400 1388 3450 έ.
1409 3398 1632 3448 Thomas
1654 3399 1723 3448 de
1741 3398 1997 3449 Kithehilt
2022 3415 2036 3449 1
2062 3397 2144 3447 (161
2167 3397 2368 3446 Counte

1398 3509 1433 3544 'r
