3048 3978
1514 381 1611 431 166

610 533 772 581 Dieus
790 548 808 580 l
824 546 852 579 e
873 530 943 579 les
969 530 1138 579 Seintz
1160 556 1172 570 ·
1209 529 1295 578 En
1312 528 1679 594 tesmoignance
1694 526 1781 576 des
1798 542 1960 593 queus
1976 526 2143 576 choses
2159 541 2173 577 ι
2190 541 2319 576 nous
2339 541 2514 578 auoms

606 630 696 677 fait
727 628 847 676 faire
882 627 1031 677 cestes
1063 626 1234 676 lettres
1274 631 1470 675 ouertes
1490 642 1502 675 ι
1519 624 1694 674 1031003
1728 624 1792 673 de
1823 639 1914 673 nos
1946 625 2082 674 seaus
2097 651 2110 665 ·
2169 623 2374 673 Donees
2409 626 2512 690 [830⁹.

608 734 663 775 ut
682 726 878 792 supra]

607 907 747 969 Item
812 920 868 968 A
891 925 1012 968 touz
1048 934 1192 967 ceaus
1225 918 1279 983 qi
1312 917 1461 966 cestes
1494 916 1664 965 lettres
1698 921 1900 965 verront
1933 932 2000 964 ou
2034 920 2204 964 orront
2222 931 2234 963 l
2255 915 2291 964 J
2292 913 2423 963 ohan
2449 914 2515 962 de

607 1016 881 1082 Lindeseye
909 1033 919 1065 l
948 1016 1142 1065 Robert
1186 1015 1250 1063 de
1295 1013 1605 1078 Coningh‘m
1633 1030 1645 1062 l
1672 1013 1892 1061 Thomas
1928 1012 2174 1062 Petikreu
2202 1029 2214 1061 l
2241 1013 2277 1061 J
2278 1011 2408 1060 ohan
2448 1011 2513 1060 de

604 1113 926 1162 Steuenestofi
947 1130 964 1160 l
983 1112 1155 1160 Adam
1189 1112 1253 1159 de
1287 1111 1554 1160 Moderuai
1573 1128 1590 1158 t
1611 1110 1799 1159 otberfi
1833 1110 1896 1158 de
1930 1109 2194 1160 Cliueland
2217 1110 2416 1159 1Johan
2449 1109 2514 1157 de

603 1209 839 1259 Coteford
865 1227 882 1257 l
908 1208 1077 1274 Aleyn
1116 1209 1181 1256 fiz
1221 1208 1414 1273 Rogier
1453 1208 1517 1256 de
1558 1207 1805 1256 Glasrithe
1832 1224 1844 1256 ι
1871 1207 2106 1255 William
2145 1207 2211 1255 fiz
2254 1206 2403 1256 Nieol
2447 1207 2512 1254 de

613 1306 832 1371 Stragrif
845 1323 856 1355 1
877 1306 1046 1354 Pieres
1069 1305 1132 1353 de
1156 1305 1456 1370 Carnwedry
1476 1322 1494 1351 l
1510 1305 1747 1353 Wautier
1768 1304 1833 1353 fiz
1859 1304 2057 1353 Gilbert
2091 1304 2154 1352 de
2184 1304 2473 1352 Hameldofi
2492 1322 2510 1351 l

600 1404 770 1452 Pieres
794 1403 856 1450 de
875 1402 1055 1450 Pollok
1078 1419 1094 1449 t
1116 1402 1295 1466 Henry
1318 1401 1382 1448 de
1399 1401 1688 1466 Wanewyk
1704 1419 1721 1449 l
1737 1402 1774 1450 J
1774 1401 1904 1449 ohan
1922 1401 1986 1450 de
2002 1401 2283 1450 Wincestre
2305 1419 2316 1450 l
2336 1402 2511 1450 Dauid

599 1502 661 1549 de
688 1498 988 1548 Creffewelle
1011 1516 1022 1547 l
1045 1497 1279 1546 William
1304 1497 1457 1546 Culte
1480 1498 1544 1545 de
1570 1498 1883 1546 Strathawan
1904 1515 1922 1544 l
1941 1498 1977 1545 J
1979 1497 2109 1545 ohan
2126 1499 2300 1562 Bruyn
2325 1498 2389 1546 de
2404 1498 2511 1546 Kil-

598 1598 736 1645 bride
755 1614 766 1645 l
786 1596 1024 1644 WVautier
1060 1595 1123 1643 de
1162 1594 1473 1644 Strathawan
1492 1611 1509 1642 l
1526 1594 1707 1659 Henry
1743 1594 1806 1641 de
1844 1594 2162 1643 Wincestret
2190 1595 2408 1643 Steuene
2447 1595 2510 1642 de

599 1693 952 1757 Cormanough
974 1714 990 1738 l
1013 1691 1235 1740 Richard
1274 1691 1322 1738 le
1358 1690 1582 1755 Engleys
1609 1708 1626 1738 t
1651 1690 1844 1739 Rober'f
1881 1691 1944 1738 de
1984 1691 2164 1755 Burgh
2191 1707 2203 1739 1
2231 1691 2410 1739 Dauid
2444 1691 2510 1739 fiz

598 1793 767 1840 Cauan
784 1790 847 1838 de
866 1788 1084 1838 Carduff
1097 1805 1108 1837 l
1129 1787 1360 1836 William
1383 1787 1430 1834 le
1448 1787 1628 1835 Porter
1643 1804 1661 1834 l
1682 1787 1860 1853 Hem-y
1884 1788 1947 1836 de
1971 1788 2197 1836 Foultofi
2217 1805 2234 1835 l
2254 1788 2430 1836 Huwe
2452 1788 2516 1837 de

596 1889 756 1953 Bigge
779 1904 791 1936 ι
812 1885 1114 1935 Alisaundre
1152 1885 1216 1932 de
1260 1883 1519 1948 Belgauen
1541 1901 1558 1930 l
1578 1883 1773 1932 Robert
1819 1883 1963 1932 Cruk
2007 1884 2070 1932 de
2116 1881 2472 1948 Fingaldestofi
2495 1902 2506 1934 ι

593 1985 757 2034 Johan
782 1985 991 2033 Hunter
1025 1983 1088 2030 de
1121 1982 1168 2030 13
1201 1980 1376 2030 foreste
1410 1981 1474 2028 de
1508 1980 1726 2046 Paffelay
1749 1998 1761 2030 ι
1785 1979 2061 2047 Baldewyn
2085 1981 2148 2029 de
2170 1982 2468 2031 Edmerstofi
2488 2002 2506 2030 l

595 2082 772 2131 Dauid
807 2080 1011 2131 Sibbald
1029 2103 1044 2127 l
1067 2080 1130 2127 de
1158 2078 1530 2144 Augansauche
1550 2078 1750 2128 [Johan
1785 2078 1848 2126 de
1882 2079 2128 2144 Anesseye
2162 2080 2225 2128 de
2260 2055 2470 2130 01110ῐυὶ
2489 2100 2506 2129 t

596 2179 825 2228 William
858 2179 923 2226 fiz
965 2178 1134 2226 Pieres
1173 2177 1237 2225 de
1276 2175 1590 2242 Strathafayn
1609 2193 1621 2225 l
1640 2176 1813 2224 Adam
1850 2176 1913 2224 de
1953 2177 2157 2225 Dowan
2178 2195 2195 2225 t
2215 2177 2411 2226 Robert
2444 2179 2507 2227 de

595 2276 800 2325 Cribbes
822 2294 838 2324 l
860 2277 1045 2341 Symon
1085 2275 1148 2323 de
1186 2274 1234 2322 13
1271 2274 1466 2324 Souche
1487 2291 1503 2321 l
1521 2273 1755 2323 William
1796 2273 1859 2322 de
1901 2273 2173 2339 Coughran
2195 2291 2207 2323 Ι
2229 2275 2400 2323 Pieres
2438 2277 2504 2324 fiz

595 2374 787 2423 Gerard
809 2373 871 2421 de
896 2372 1112 2438 Stragrif
1124 2395 1138 2419 ι
1160 2373 1334 2421 Huwe
1365 2372 1413 2420 le
1437 2372 1648 2421 Hunter
1681 2371 1744 2420 de
1770 2371 1988 2436 Stragrif
2002 2389 2013 2420 ι
2036 2371 2260 2419 Richard
2281 2371 2329 2419 10
2352 2373 2505 2438 Hun-

594 2478 670 2518 ter
691 2470 754 2517 de
778 2469 992 2534 Stragrif
1006 2486 1023 2516 l
1042 2468 1344 2517 Alisaundre
1368 2470 1431 2517 de
1454 2468 1669 2517 Foward
1692 2485 1709 2516 l
1726 2468 1946 2517 Thomas
1980 2467 2028 2515 le
2051 2468 2325 2517 Brewester
2344 2486 2355 2518 1
2374 2470 2437 2519 de
2458 2471 2506 2518 13

595 2568 771 2616 foreste
795 2567 857 2615 de
882 2566 1127 2632 Pafl'eleye
1146 2584 1161 2614 l
1179 2566 1372 2615 Rober'f
1404 2566 1453 2616 le
1487 2565 1715 2614 Machun
1750 2566 1814 2614 de
1839 2565 2120 2615 Strathafan
2141 2583 2151 2615 1
2174 2565 2423 2633 Phelippe
2444 2568 2508 2616 de

594 2664 810 2729 Perthay
831 2681 847 2711 l
871 2664 1056 2728 symon
1090 2663 1154 2711 de
1186 2663 1233 2711 la
1268 2663 1415 2711 More
1449 2662 1513 2711 de
1536 2663 1914 2728 Thaugarstoiit
1940 2663 2159 2712 Thomas
2191 2664 2239 2713 le
2263 2665 2507 2731 Wrighte

594 2760 656 2809 de
676 2761 723 2809 la
740 2759 1027 2808 Blakehalle
1048 2778 1065 2807 l
1090 2761 1275 2826 symon
1293 2761 1357 2809 de
1376 2760 1633 2826 Aynestofi
1652 2778 1669 2808 l
1689 2761 1862 2809 Adam
1880 2760 1947 2809 fiz
1969 2760 2184 2810 Matheu
2201 2762 2264 2811 de
2276 2762 2467 2828 Rugan
2488 2781 2501 2812 ι

593 2857 739 2905 Nicol
774 2857 837 2904 de
858 2860 1087 2922 Benauty
1105 2879 1121 2904 l
1142 2857 1424 2906 Erchebald
1457 2858 1522 2906 de
1545 2858 1878 2923 Harpenfeud
1899 2874 1911 2907 ι
1934 2858 2129 2907 0111)οἅ
2160 2858 2227 2907 fiz
2262 2859 2504 2924 Gregoire

597 2952 659 3000 de
693 2951 1062 3018 Cronrotheryk
1081 2971 1098 3000 l
1115 2953 1362 3003 Gotherik
1396 2954 1462 3003 fiz
1497 2954 1716 3004 Matheu
1749 2955 1813 3003 de
1849 2954 2250 3020 Cronrotherykt
2267 2954 2499 3005 William

597 3047 909 3112 Knightesofi
948 3048 1011 3096 de
1050 3049 1311 3113 Eglessiaem
1340 3068 1351 3100 ι
1377 3052 1546 3101 Johan
1585 3053 1650 3101 de
1686 3052 1736 3100 la
1775 3053 1973 3117 Cragge
1997 3069 2015 3099 l
2038 3051 2206 3100 Johan
2246 3052 2399 3118 Petyt
2437 3054 2501 3101 de

595 3144 815 3194 Miernes
836 3161 847 3193 ι
866 3145 1020 3193 Frere
1042 3145 1272 3195 William
1299 3148 1480 3197 Priour
1502 3149 1567 3198 de
1589 3149 1866 3214 Blauntj‘rrt
1891 3147 2122 3220 William
2145 3148 2208 3198 de
2231 3150 2458 3216 Maghan
2480 3170 2497 3199 l

597 3240 776 3290 Patrik
798 3241 862 3290 de
885 3241 1110 3307 Maghan
1131 3260 1147 3291 t
1168 3243 1415 3294 Edmund
1437 3246 1501 3296 de
1524 3246 1824 3297 Colbenston
1845 3263 1857 3297 ι
1879 3245 2067 3296 Isabele
2089 3246 2153 3296 de
2175 3246 2464 3300 Calrewode
2482 3268 2500 3298 ι
