3048 3978
1568 414 1670 466 1⁵4

668 559 829 609 choses
856 577 872 604 ι
896 574 1024 611 nous
1068 573 1244 608 auoms
1287 557 1382 610 fait
1414 556 1535 606 faire
1567 556 1717 606 cestes
1748 555 1920 605 lettres
1952 559 2148 604 ouertes
2179 553 2357 609 sealdea
2388 555 2453 609 de
2481 569 2572 608 nos

660 658 798 707 seaus
817 682 831 697 ·
899 656 1107 709 Donees
1165 659 1269 722 [30⁶-
1293 661 1349 705 ut
1380 654 1582 720 supra]

662 838 801 900 Item
821 877 833 890 ·
902 849 958 899 A
982 854 1101 899 touz
1136 863 1279 898 ceaus
1319 848 1410 912 qui
1449 847 1597 896 cestes
1629 847 1798 895 lettres
1838 851 2039 895 verront
2071 861 2140 894 ou
2173 849 2344 893 orront
2362 871 2375 887 ·
2410 843 2580 896 Johan

662 949 724 998 de
749 946 1013 1012 Garuyagh
1035 945 1117 996 del
1140 945 1340 996 Counte
1361 945 1425 993 de
1447 944 1687 995 Aberde‘fi
1703 962 1720 992 t
1741 943 1910 1009 Aleyn
1933 942 1998 992 fiz
2018 942 2236 991 Thomas
2260 942 2324 992 de
2348 941 2575 1002 Fultofip

659 1043 808 1097 Nieol
830 1043 892 1097 de
914 1042 1109 1092 Fultofi
1131 1060 1148 1095 t
1167 1042 1375 1108 Witing
1396 1041 1443 1090 le
1468 1042 1678 1106 Harpur
1698 1059 1714 1089 ι
1732 1041 1812 1090 del
1838 1041 2039 1090 Counte
2070 1040 2134 1088 de
2157 1039 2360 1098 Lanark
2381 1040 2445 1090 ι]
2448 1039 2578 1090 ohan

659 1142 722 1192 de
746 1141 944 1192 Skene1
966 1139 1144 1193 Patrik
1180 1140 1243 1190 de
1269 1139 1433 1189 Skene
1454 1156 1471 1187 t
1490 1139 1658 1189 Johan
1686 1139 1800 1205 Lyp
1823 1155 1834 1188 ι
1854 1138 1935 1188 del
1970 1138 2170 1187 Counte
2204 1137 2268 1187 de
2300 1137 2543 1188 Aberde‘ii
2559 1155 2583 1199 t.

657 1239 875 1289 Thomas
909 1238 957 1287 le
979 1238 1131 1290 Ewer
1169 1237 1251 1286 del
1285 1237 1485 1290 Counte
1525 1237 1588 1289 de
1624 1236 1967 1301 Edeneburgh
1986 1253 2002 1284 l
2027 1235 2194 1284 Johan
2229 1235 2294 1284 fiz
2317 1234 2577 1291 Randolft

663 1337 726 1385 de
749 1336 972 1387 Fediche
1010 1335 1091 1385 del
1116 1337 1315 1386 Counte
1348 1334 1411 1386 de
1435 1334 1530 1383 Fif
1541 1352 1558 1383 l
1577 1334 1814 1382 Wautier
1838 1333 1969 1382 Bisef
1992 1332 2073 1381 del
2098 1334 2298 1391 Counte
2328 1333 2391 1382 de
2413 1333 2580 1382 Aber-

659 1435 756 1484 defi
780 1452 798 1482 ι
819 1433 1039 1483 Thomas
1083 1431 1359 1496 Purdeuyn
1388 1449 1405 1479 t
1429 1431 1607 1480 Patrik
1661 1430 2022 1480 Gilcristess'one
2059 1447 2077 1481 l
2108 1430 2275 1481 Johan
2322 1430 2534 1480 Manuel
2559 1449 2577 1479 t

662 1531 833 1579 Adam
859 1528 1072 1578 Gurdofi
1093 1550 1108 1575 t
1125 1529 1162 1578 J
1163 1528 1292 1577 ohan
1316 1528 1380 1578 de
1402 1528 1750 1592 Bondyngtofi
1784 1526 1938 1577 Clerk
1972 1527 2052 1576 del
2078 1527 2279 1580 Counte
2304 1528 2369 1576 de
2393 1528 2578 1578 Striue-

655 1628 724 1676 lin
744 1644 761 1674 t
777 1626 1008 1675 William
1042 1626 1105 1675 de
1129 1625 1296 1692 Cluny
1315 1643 1332 1673 l
1351 1624 1633 1675 chauntour
1671 1624 1735 1673 de
1758 1624 1993 1690 Breghyn
2029 1624 2112 1673 del
2134 1624 2335 1678 Counte
2368 1626 2431 1674 de
2454 1626 2580 1679 For-

655 1725 754 1774 fare
770 1741 787 1772 t
804 1723 982 1774 Patrik
1004 1724 1067 1772 de
1085 1723 1331 1789 Blauntyr
1353 1723 1435 1772 del
1459 1724 1660 1774 Counte
1683 1724 1746 1772 de
1772 1722 2030 1787 Striuelyn
2050 1739 2067 1771 l
2087 1723 2267 1788 Henry
2291 1722 2355 1772 de
2380 1722 2579 1781 Striuje-¹

656 1823 726 1872 lin
750 1823 954 1887 persone
977 1822 1060 1870 del
1083 1822 1252 1886 Eglise
1270 1822 1334 1871 de
1356 1821 2027 1887 UpsetelyngtofitSymund
2045 1821 2109 1870 de
2127 1821 2574 1888 Lychardeswodet

657 1919 870 1969 Peronel
892 1920 956 1968 de
978 1919 1261 1984 Veupount
1282 1937 1300 1968 l
1322 1919 1494 1968 Adam
1510 1919 1574 1967 de
1592 1919 1844 1969 Kirketofi
1862 1936 1879 1971 1
1899 1918 1981 1969 del
1996 1919 2199 1971 Counte
2221 1919 2286 1969 de
2301 1919 2546 1986 Berewyk
2559 1939 2577 1970 l

656 2018 893 2067 Cristiane
916 2017 978 2065 de
1003 2015 1338 2066 Greneheued
1360 2015 1442 2066 del
1475 2016 1677 2066 Counte
1714 2016 1777 2065 de
1801 2015 2002 2067 Selkirk
2022 2033 2034 2066 ι
2054 2017 2091 2067 J
2092 2016 2221 2066 ohan
2257 2017 2322 2066 de
2355 2018 2578 2084 Pedgro-

657 2119 786 2181 geny
808 2115 889 2163 del
927 2115 1127 2164 Counte
1163 2115 1227 2162 de
1262 2115 1422 2164 Perth
1441 2131 1458 2163 l
1478 2113 1678 2181 Geffray
1714 2114 1763 2163 le
1802 2114 2040 2163 Bakester
2075 2115 2139 2163 de
2161 2114 2384 2164 Loffithe
2404 2133 2421 2164 ι
2441 2116 2577 2169 Lau-

654 2228 796 2261 rencz
824 2213 886 2261 de
910 2212 1145 2278 Lekathy
1166 2231 1184 2260 l
1204 2213 1376 2261 Adam
1411 2213 1478 2262 fiz
1505 2212 1681 2263 Dauid
1714 2212 1797 2262 del
1827 2212 2028 2262 Counte
2061 2212 2125 2261 de
2148 2212 2353 2264 Forfare
2371 2231 2388 2262 t
2407 2213 2444 2263 J
2445 2186 2572 2262 olian

657 2311 845 2376 Legun
865 2329 881 2359 l
900 2310 962 2359 de
984 2310 1238 2376 Rothegle
1261 2308 1344 2359 del
1362 2311 1563 2360 Counte
1588 2309 1651 2359 de
1670 2309 1875 2359 Lanark
1895 2327 1913 2358 l
1927 2310 1964 2360 J
1966 2309 2096 2358 ohan
2111 2309 2252 2358 Brun
2277 2310 2358 2358 del
2376 2309 2576 2360 Counte

658 2408 720 2456 de
743 2408 987 2473 Berewyk
1003 2426 1019 2456 l
1041 2408 1260 2457 Thomas
1285 2409 1348 2456 de
1371 2408 1584 2473 Boghan
1609 2425 1621 2457 ι
1642 2407 1839 2458 Robert
1873 2408 2126 2456 Foreman
2158 2407 2242 2456 del
2276 2407 2478 2457 Counte
2511 2408 2576 2458 de

659 2505 998 2571 Edeneburgh
1011 2506 1231 2555 ‘Robert
1248 2506 1311 2554 de
1330 2505 1551 2555 Chattofi
1570 2523 1581 2555 ι
1600 2506 1775 2556 Huwe
1792 2506 1855 2556 de
1873 2505 2262 2570 Hextildespeth
2280 2496 2362 2554 del
2377 2506 2578 2556 Counte

658 2602 721 2651 de
764 2602 1096 2668 Rokesburgh
1116 2621 1127 2653 l
1154 2604 1388 2653 William
1411 2604 1645 2670 Gardeyn
1668 2603 1751 2653 del
1775 2604 1975 2655 Counte
1998 2603 2061 2652 de
2079 2603 2284 2653 Forfare
2303 2621 2321 2652 ι
2341 2603 2577 2657 William

659 2700 723 2748 fiz
765 2701 980 2749 Andreu
1021 2701 1085 2749 de
1123 2702 1355 2767 Douglas
1380 2720 1398 2751 l
1417 2702 1500 2751 del
1545 2701 1746 2752 Counte
1790 2702 1854 2752 de
1900 2701 2135 2752 Linlescu
2158 2719 2176 2751 1
2204 2702 2358 2752 Frere
2400 2701 2577 2757 Adam

658 2797 878 2846 ministre
913 2797 995 2846 del
1018 2799 1180 2847 Ordre
1214 2799 1277 2847 de
1309 2799 1358 2848 la
1380 2800 1578 2849 Trinite
1618 2800 1682 2849 de
1705 2800 1951 2866 Berewyk
1966 2817 1984 2849 t
2002 2799 2183 2849 Patrik
2204 2799 2262 2852 le.
2277 2800 2395 2853 Soot
2415 2816 2427 2848 ι
2449 2799 2576 2873 Cris·

662 2894 795 2941 tiano
818 2895 1107 2944 Atteboche
1131 2897 1194 2945 de
1215 2897 1460 2964 Berewyk
1479 2915 1492 2947 ι
1514 2898 1669 2948 Frere
1701 2898 1922 2948 Thomas
1954 2898 2109 2964 Abbe
2147 2897 2211 2947 de
2233 2897 2537 2950 Inehaufrau
2556 2915 2577 2950 ,Ι

660 2989 789 3037 saluz
807 3017 820 3030 ·
871 2993 979 3040 Pur
1015 3009 1101 3041 ceo
1123 3011 1187 3058 qe
1223 3011 1350 3044 nous
1388 2997 1552 3045 sumes
1574 3012 1740 3046 venuz
1764 2996 1792 3044 2²2
1812 2996 1862 3045 la
1898 2995 1974 3044 foi
1999 3012 2011 3045 ι
2038 2998 2067 3045 έ
2103 2995 2132 3044 ίι
2166 2994 2216 3044 la
2243 2994 2464 3046 ,volante
2503 2995 2576 3050 du

660 3087 902 3135 tresnoble
926 3089 1138 3139 Prince1
1161 3092 1188 3139 ό
1211 3092 1371 3142 nostre
1393 3094 1528 3142 chier
1552 3094 1796 3160 Seigneur
1829 3093 1936 3144 sire
1968 3091 2192 3142 Edward
2225 3108 2316 3158 par
2349 3092 2399 3141 la
2429 3109 2577 3159 grace

664 3184 795 3232 Dieu
817 3184 924 3234 Roi
940 3170 1222 3251 DenglePre
1240 3205 1252 3237 ι
1273 3189 1516 3256 Seigneur
1537 3189 1757 3240 Dirland
1775 3207 1793 3239 ι
1811 3192 1840 3239 e
1864 3190 2008 3239 Duos
2030 3189 2379 3256 Daquitaigne
2399 3190 2577 3245 tNoun

661 3286 988 3345 promettoms
1027 3299 1125 3349 pur
1159 3300 1285 3342 nous
1322 3288 1350 3336 ἐ
1386 3304 1484 3354 pur
1515 3304 1606 3339 nos
1626 3287 1757 3338 heirs
1782 3305 1800 3338 ι
1824 3287 1906 3338 sur
1927 3287 2074 3354 peine
2095 3287 2160 3339 de
2181 3303 2287 3338 cors
2310 3289 2339 3340 έ
2361 3287 2538 3341 dauoit
2552 3305 2574 3341 ι
