3048 3978
286 1506 350 1547 M.
373 1503 412 1547 1.
469 1485 559 1548 IN
593 1496 892 1546 NOMINE
930 1497 1214 1547 DOMINI
1249 1498 1505 1547 AMEN·
1576 1499 1833 1556 Quoniam
1866 1500 2011 1564 pium
2034 1498 2126 1548 effe
2159 1500 2377 1549 creditur

463 1596 777 1644 meritorium
813 1612 869 1644 ac
891 1595 1081 1644 salubre
1103 1597 1304 1645 veritati
1322 1597 1660 1645 testimonium
1676 1596 1879 1659 phibere
1896 1614 1908 1647 ι
1925 1597 2041 1646 licet
2070 1597 2197 1647 ill-ud
2218 1600 2376 1647 facere

463 1693 657 1741 racione
689 1693 842 1741 offici-i
876 1700 1078 1759 rogatus
1119 1694 1380 1759 corporalis
1422 1700 1591 1743 tenear
1613 1695 1816 1744 vinculo
1833 1696 1870 1744 J
1873 1697 2118 1744 uramenti
2136 1714 2154 1744 t
2173 1704 2224 1745 et
2254 1698 2375 1762 quia

462 1790 631 1856 pleriq3
660 1781 844 1855 fiterita
865 1793 1155 1840 memoriter
1176 1798 1369 1840 retenta
1401 1792 1576 1840 futura
1608 1793 1764 1841 facere
1801 1809 1891 1842 nos
1930 1794 2182 1843 instruunt
2217 1800 2268 1843 et
2299 1796 2376 1843 in-

463 1887 683 1937 formant
724 1889 907 1938 idcirco
941 1890 1005 1938 ad
1037 1896 1277 1955 ppetuam
1313 1892 1383 1938 rei
1416 1891 1708 1939 memoriam
1744 1892 1887 1956 super
1910 1892 2176 1957 quibgdam
2199 1909 2299 1958 que
2320 1895 2375 1942 in

465 1986 566 2034 mei
611 1986 909 2051 infrascripti
943 1988 1123 2036 notarii
1147 2006 1163 2035 l
1187 2000 1220 2037 β-ις
1262 1988 1465 2036 testium
1509 1988 1816 2053 subscriptovg
1853 1991 1917 2037 ad
1954 1989 2050 2038 hoc
2083 1997 2376 2040 vocatorum

463 2082 736 2147 specialiter
772 2090 823 2130 et
862 2090 1074 2147 togaton
1110 2084 1299 2131 fiebant
1337 2085 1584 2148 presencia
1616 2091 1819 2149 rogatus
1852 2102 1970 2134 cum
1994 2102 2050 2133 ea
2072 2103 2172 2152 qua
2204 2095 2378 2152 potero

463 2180 730 2245 diligencia
752 2196 923 2245 ppono
945 2181 1152 2229 scribere
1176 2197 1276 2246 que
1300 2182 1416 2229 sunt
1439 2182 1662 2230 veritatis
1685 2200 1696 2231 l
1717 2188 1775 2231 vt
1796 2183 1861 2231 fic
1881 2183 2068 2232 futuris
2103 2185 2377 2250 temporib3

464 2295 582 2327 cum
618 2277 804 2327 necesse
840 2278 997 2327 fuerit
1036 2284 1088 2327 et
1124 2279 1232 2327 sciri
1268 2279 1487 2328 voluerit
1520 2281 1779 2345 quondam
1812 2281 2003 2330 factum
2035 2284 2176 2348 regni
2213 2284 2380 2334 Scocie

464 2378 730 2442 tangencifi
770 2377 951 2426 veritas
996 2378 1051 2425 in
1091 2377 1182 2426 hac
1221 2384 1361 2443 parte
1379 2383 1392 2427 Ξ
1413 2379 1477 2426 ad
1512 2379 1708 2443 presens
1747 2379 2080 2430 instrumenti]
2116 2381 2379 2446 publicum

466 2475 798 2540 subscriptum
834 2475 1123 2524 huiusmodi
1162 2477 1281 2525 scire
1318 2477 1543 2526 volentes
1576 2479 1879 2528 veritatem}
1907 2479 2158 2527 recursum
2204 2481 2382 2529 habere

463 2574 685 2635 poterint
723 2579 1032 2637 oportunum
1053 2592 1070 2622 l
1094 2575 1241 2639 super
1276 2578 1524 2624 contentis
1565 2578 1620 2624 in
1654 2577 1830 2625 eodem
1865 2577 2130 2642 aliqualem
2153 2561 2379 2643 prePitoip

466 2672 826 2722 informacoem
885 2676 1012 2724 circa
1073 2693 1132 2724 ea
1192 2694 1293 2741 que
1343 2694 1432 2742 per
1481 2679 1755 2727 humanam
1807 2679 2100 2728 labilitatem
2135 2697 2154 2727 l
2185 2695 2377 2728 necnon

466 2775 518 2819 et
558 2772 796 2836 temporis
841 2772 1034 2837 lapsum
1055 2791 1072 2822 t
1091 2790 1120 2821 a
1161 2775 1401 2823 memoria
1438 2776 1733 2826 recesserunt
1772 2778 1825 2825 in
1858 2778 2147 2841 scripturam
2182 2777 2378 2826 redacta

466 2884 555 2933 per
606 2868 746 2918 istius
790 2871 1147 2935 inspectionem
1192 2873 1512 2923 instrumenti
1566 2876 1806 2923 memorie
1860 2874 2116 2923 reducantz
2134 2901 2147 2914 ·
2251 2875 2379 2924 Sane

466 2965 668 3015 suborta
706 2967 905 3018 dudum
944 2971 1077 3019 inter
1115 2971 1444 3022 excellentem
1483 2973 1759 3039 principem
1794 2973 1917 3021 dfim
1940 2971 2252 3022 Edwardum
2276 2972 2379 3022 Dei

466 3065 629 3129 gracia
650 3066 854 3132 Regem
877 3068 1069 3134 Anglie
1104 3069 1344 3120 illustrem
1365 3089 1383 3120 l
1405 3076 1458 3120 et
1478 3071 1516 3121 J
1517 3071 1763 3121 ohannem
1797 3071 1970 3121 eadem
2002 3072 2165 3138 gracia
2187 3074 2379 3137 Regem

471 3159 656 3222 Soetmi
675 3190 687 3203 ·
703 3179 762 3213 ac
796 3166 1002 3233 vtriusq3
1022 3167 1166 3233 regni
1188 3164 1381 3218 nobiles
1412 3175 1466 3218 et
1487 3170 1671 3219 incolas
1691 3163 2003 3219 [seminante
2022 3171 2155 3236 pacis
2177 3167 2375 3217 emulor

470 3261 809 3311 contuitionis
838 3268 892 3312 et
922 3261 1164 3315 discordie
1190 3267 1402 3316 materia
1418 3285 1437 3316 l
1456 3278 1512 3317 ac
1534 3268 1587 3318 in
1610 3275 1811 3318 tannim
1840 3271 2136 3333 wocurt-,nte
2156 3264 2377 3330 superbie
