3048 3978
1520 472 1618 518 150

606 623 642 671 fi
678 621 843 670 meide
879 619 1043 669 Dieus
1083 619 1111 668 έ
1147 618 1218 668 les
1243 618 1411 669 Seintz
1428 644 1442 658 ·
1511 617 1597 666 En
1636 614 2003 681 tesmoignanee
2038 612 2125 663 des
2158 628 2322 681 quens
2360 610 2525 667 choses

607 737 734 770 nous
779 735 953 768 auoms
997 718 1088 767 fait
1127 718 1250 766 faire
1289 717 1438 766 cestes
1470 715 1641 764 lettres
1674 719 1871 763 ouertes
1902 712 2078 762 sealees
2111 712 2175 762 de
2217 728 2309 762 nos
2352 713 2489 764 seaus
2506 741 2522 756 ·

609 819 815 869 Donees
852 820 960 884 [ᾀο.
984 823 1044 865 ut
1061 815 1260 882 supra]

612 1000 751 1063 Item
768 1040 780 1052 ·
851 1012 906 1060 A
939 1018 1059 1060 touz
1096 1026 1240 1059 ceaus
1279 1010 1370 1075 qui
1404 1009 1551 1058 cestes
1583 1008 1754 1057 lettres
1792 1012 1995 1057 verront
2027 1023 2094 1056 ou
2128 1011 2300 1055 orront
2318 1024 2337 1055 ι
2353 1005 2527 1055 Adam

609 1112 673 1160 de
696 1111 881 1158 Bartofi
900 1126 911 1158 ι
930 1108 1230 1157 ΑΙίΙΞιυηᾱτε
1253 1108 1316 1156 de
1336 1107 1662 1172 Bondingtofi
1703 1079 1971 1172 chepeleyn
1991 1122 2002 1155 ι
2023 1105 2058 1155 J
2060 1104 2190 1154 ohan
2212 1105 2260 1153 le
2279 1105 2487 1170 Harpur
2503 1120 2522 1152 ι

610 1208 645 1257 J
648 1208 778 1257 ohan
814 1207 877 1255 de
914 1206 1088 1256 Eccles
1110 1224 1127 1254 l
1143 1206 1334 1256 Rober'f
1378 1206 1442 1253 de
1476 1204 1679 1270 Askeby
1700 1223 1717 1253 l
1739 1204 1930 1269 Rogier
1964 1204 2027 1252 de
2049 1203 2492 1252 Westlommesdefi
2510 1218 2527 1250 t

614 1305 696 1354 del
720 1306 919 1353 Counte
947 1304 1010 1352 de
1032 1302 1278 1368 Berewyk
1298 1320 1314 1350 t
1337 1302 1543 1351 Patriek
1585 1302 1648 1350 de
1682 1301 1905 1351 Pollewe
1945 1300 2027 1349 del
2062 1301 2263 1350 Counte
2296 1300 2360 1349 de
2382 1299 2496 1364 Fyf
2513 1317 2530 1348 ι

616 1402 817 1467 Geffrey
840 1402 887 1449 le
909 1401 973 1448 fiz
991 1400 1229 1448 Wautier
1248 1417 1266 1447 l
1283 1399 1583 1447 Alisaundre
1605 1399 1653 1446 le
1674 1399 1739 1446 fiz
1758 1399 1938 1464 Hem-y
1955 1399 2018 1447 de
2033 1398 2285 1447 Cauertofi
2306 1415 2317 1447 l
2337 1398 2531 1463 Rogier

617 1499 697 1548 del
722 1499 889 1546 Grene
908 1514 925 1545 l
942 1496 1022 1544 del
1048 1496 1249 1544 Counte
1283 1496 1346 1543 de
1379 1494 1680 1561 Rokesbur}
1700 1512 1716 1542 t
1733 1494 1952 1543 Thomas
1975 1494 2171 1559 Walgh
2193 1512 2210 1542 l
2230 1495 2312 1543 del
2334 1495 2536 1544 Counte

615 1596 678 1644 de
717 1594 931 1644 Pebbles
949 1611 965 1641 t
984 1593 1175 1642 Robert
1217 1593 1280 1642 de
1322 1592 1590 1657 Elmelegh
1625 1592 1707 1640 del
1732 1592 1932 1641 Counte
1967 1591 2030 1639 de
2053 1591 2296 1640 Aberde'fi
2315 1608 2327 1640 ι
2349 1593 2539 1641 Mestre

615 1694 793 1758 Henry
808 1693 870 1740 de
890 1691 1141 1757 Striuelyn
1153 1691 1259 1739 tdel
1274 1694 1476 1740 Counte
1496 1692 1560 1739 de
1576 1690 1827 1756 Striuelyn
1840 1689 2164 1739 [Maucolum
2187 1690 2307 1738 Mae
2322 1687 2538 1739 Cuffoke

614 1789 939 1839 Barthelmeu
980 1789 1042 1837 de
1080 1789 1377 1854 Egglestr‘m
1411 1807 1429 1836 l
1458 1788 1704 1853 chapelyn
1731 1806 1748 1836 l
1769 1787 1992 1837 Gardein
2037 1788 2101 1836 de
2141 1788 2190 1837 N
2192 1786 2308 1836 ouel
2347 1786 2432 1836 leu
2478 1786 2541 1836 de

616 1890 873 1937 Seneware
893 1905 910 1935 l
928 1887 1159 1935 William
1203 1886 1252 1935 le
1297 1886 1491 1935 Taillur
1510 1903 1527 1934 t
1543 1886 1723 1934 Patrik
1762 1885 1828 1934 fiz
1872 1885 2088 1934 Matheu
2125 1886 2189 1934 de
2227 1886 2418 1934 Partofi
2460 1885 2542 1935 del

618 1987 818 2036 Counte
858 1986 921 2034 de
962 1985 1187 2033 Dunfres
1209 2002 1226 2032 l
1244 1984 1453 2032 Mabille
1487 1984 1551 2032 de
1586 1983 1877 2050 Cungelto'r‘i
1897 2001 1914 2032 l
1935 1984 2129 2033 Martin
2153 1983 2236 2033 del
2260 1983 2543 2033 Chaundeil

618 2084 699 2133 del
722 2085 920 2133 Counte
943 2084 1005 2132 de
1028 2083 1374 2149 Edeneburgh
1395 2101 1412 2131 t
1428 2083 1610 2132 Patrik
1644 2083 1708 2132 de
1735 2083 1949 2148 Aghlek
1968 2099 1980 2132 1
1999 2083 2180 2132 Patrik
2213 2083 2277 2132 de
2311 2084 2541 2150 Moring-

620 2184 707 2231 tofi
727 2183 925 2231 [Pieres
963 2184 1144 2248 Kenyn
1165 2200 1182 2231 t
1201 2182 1437 2230 William
1483 2181 1566 2230 del
1613 2181 1862 2247 Grenerig
1887 2199 1904 2229 l
1930 2181 2128 2248 Fergus
2173 2182 2237 2230 de
2282 2182 2415 2230 Bard
2459 2180 2542 2230 del

622 2280 822 2329 Counte
845 2280 907 2328 de
931 2280 1132 2329 Lanark
1154 2280 1286 2329 saluz
1303 2306 1317 2320 ·
1375 2281 1487 2329 Pur
1509 2296 1597 2329 ceo
1640 2283 1746 2346 [850.
1769 2286 1826 2329 ut
1845 2280 2044 2347 supra]
2099 2279 2306 2329 Donees
2343 2283 2452 2346 [ῥ’ςσ.
2489 2287 2545 2329 ut

623 2379 820 2444 supra]

626 2560 765 2623 Item
832 2574 887 2622 A
910 2578 1029 2621 touz
1055 2590 1196 2622 ceaus
1222 2574 1310 2639 qui
1334 2573 1483 2623 cestes
1504 2573 1676 2622 lettres
1699 2577 1905 2622 verront
1928 2588 1996 2621 ou
2020 2576 2192 2620 orront
2208 2590 2225 2621 l
2244 2570 2458 2620 Matheu
2478 2570 2543 2621 de

624 2669 885 2719 Grenlawe
922 2670 987 2719 fiz
1014 2671 1246 2720 William
1287 2672 1350 2721 de
1389 2671 1655 2721 Grenlawe
1675 2688 1686 2721 ι
1704 2670 1857 2720 Nicol
1891 2670 2152 2737 Campyon
2175 2669 2444 2720 1William
2480 2669 2545 2718 de

625 2767 811 2833 Nesbyt
832 2787 848 2817 l
866 2769 1096 2817 William
1130 2770 1329 2819 Vicaire
1376 2770 1459 2819 del
1503 2769 1674 2835 Eglise
1718 2769 1782 2818 de
1825 2769 1874 2817 la
1919 2768 2116 2818 Trinite
2155 2768 2219 2816 de
2258 2766 2509 2831 Berewyk
2525 2783 2544 2814 l

629 2864 862 2914 Wautier
884 2867 946 2915 de
967 2868 1166 2916 Fentofx
1187 2887 1204 2917 l
1225 2869 1406 2935 Henry
1427 2868 1492 2917 de
1521 2868 1761 2918 Swenton
1784 2884 1796 2917 ι
1817 2868 1854 2918 J
1855 2867 1985 2916 ohan
2009 2865 2092 2914 del
2114 2864 2248 2915 Park
2271 2852 2507 2914 Chiualer
2523 2881 2541 2912 l

631 2963 662 3008 J
665 2961 793 3009 ohan
814 2963 861 3011 le
883 2964 948 3012 fiz
972 2965 1210 3014 Wautier
1232 2967 1296 3015 de
1320 2966 1653 3032 Kymbregan
1675 2984 1694 3015 l
1709 2965 1876 3015 'rhoffi
1910 2964 1975 3013 de
2008 2962 2265 3028 Creghton
2289 2960 2545 3012 :Richard

633 3059 848 3125 Norreys
866 3078 883 3108 l
898 3061 1053 3109 Alain
1098 3063 1161 3110 de
1205 3064 1482 3114 Elfinestofi
1502 3082 1521 3114 l
1538 3065 1713 3114 Adam
1757 3063 1826 3113 dev
1865 3061 2047 3127 Badby
2091 3060 2156 3110 de
2199 3059 2542 3109 Lambretoflr

634 3155 813 3222 Henry
851 3157 915 3206 de
954 3158 1281 3225 Prendregast
1306 3179 1322 3209 l
1344 3163 1582 3212 Wautier
1619 3162 1668 3211 le
1704 3160 1919 3226 Moigne
1941 3177 1960 3208 l
1983 3157 2169 3208 Mestre
2213 3157 2437 3206 Duncan
2480 3157 2547 3208 de

638 3252 827 3320 Carryk
845 3271 862 3302 l
879 3255 999 3304 Ade
1022 3255 1085 3304 de
1107 3256 1279 3306 Fraser
1299 3259 1539 3310 Prioress'e
1560 3260 1624 3310 de
1645 3257 1822 3309 Eccles
1838 3275 1856 3307 t
1874 3255 2025 3307 Nicol
2041 3256 2105 3305 de
2120 3256 2323 3306 Paxtofi
2339 3273 2357 3305 l
2373 3255 2546 3305 Adam

638 3351 702 3399 de
738 3353 1078 3403 Lummesdefi
1100 3355 1326 3421 1R0gier
1368 3357 1604 3424 Elyffone
1624 3374 1637 3409 ι
1654 3357 1876 3408 Thomas
1910 3355 1975 3405 de
2008 3353 2228 3422 Nesebyt
2243 3371 2262 3404 t
2278 3353 2316 3405 J
2315 3352 2447 3404 ohan
2484 3352 2550 3404 de

2999 3890 3026 3978 ὠς»
3012 3810 3031 3874 -vze-
3016 3597 3027 3742 ,,,....
