3048 3978
403 440 548 490 1291.

398 583 519 629 Polie,
550 582 789 621 Willielmus
808 581 914 622 de—
938 581 1162 634 (burgenfis
1182 582 1317 622 Sancti

450 637 640 675 Johannis
659 636 709 675 de
729 636 885 686 perth),
909 641 973 679 17.
992 655 994 658 v

398 690 597 740 Prepofiti,
636 689 874 728 Willielmus
910 688 1070 727 filius—-
1094 688 1317 740 (burgenfis

451 743 584 783 Sancti
603 743 793 783 Johannis
813 743 863 781 de
884 741 1037 795 Perth),
1062 747 1123 786 17.

398 905 608 951 RAKs'rnA,
646 904 900 944 Johannes—
920 903 1142 954 (bui-geniis
1181 902 1314 941 Sancti

448 958 637 997 Johannis
656 959 707 997 de
727 958 881 1008 perth),
905 962 967 1000 17.

395 1012 578 1058 Randolf,
607 1012 803 1050 Dominus
822 1011 1051 1049 Thomas—
1084 1009 1251 1061 (miles),
1273 1015 1311 1056 9,

666 1071 731 1110 27,
752 1071 818 1110 29,
840 1070 904 1110 33,
926 1069 991 1109 35,
1013 1069 1078 1107 37.

557 1142 575 1150 -
595 1118 769 1157 Thomas
799 1118 916 1164 filius,
945 1122 1011 1163 27,
1051 1116 1248 1167 (Thomas
1275 1116 1312 1154 le

450 1171 497 1209 fiz
524 1200 534 1216 ,
555 1178 619 1217 29.

393 1174 566 1270 Ricar)di‚
579 1227 602 1265 J
603 1225 775 1264 ohannes
787 1223 944 1262 filius—
959 1221 1182 1274 (burgenfis
1189 1223 1309 1263 Sanc-

446 1279 476 1315 ti
496 1279 685 1317 Johannis
704 1278 754 1315 de
775 1277 932 1328 Parth),
957 1281 1019 1318 17.
1075 1323 1090 1331 ο

392 1331 471 1369 Ros
537 1332 665 1382 (Ross,
716 1331 859 1381 Rofl'e),
917 1329 1153 1367 Willielmus
1205 1330 1309 1368 de—

450 1386 608 1435 (baro);
640 1385 832 1435 (William
863 1384 913 1421 de
934 1384 1062 1434 Ross),
1098 1388 1134 1428 5,
1161 1383 1309 1432 (comes

445 1440 495 1477 de
527 1440 637 1488 Ros),
675 1443 741 1483 20,
778 1444 844 1483 21,
884 1442 950 1482 22,
998 1442 1064 1482 23,
1114 1437 1307 1486 (William

446 1500 573 1531 comte
592 1492 642 1530 de
664 1492 807 1542 Roffe)‚
828 1496 893 1529 25.

392 1547 577 1586 Rofl'enfis
595 1546 811 1597 episcopus,
841 1544 1037 1582 Dominus
1058 1544 1307 1583 Robertus—

448 1606 513 1639 20.

392 1653 625 1699 Rotheiuan,
646 1651 843 1690 Dominus
862 1650 1099 1689 Willielmus
1118 1650 1222 1690 de—
1242 1658 1303 1690 14.

392 1707 540 1752 Rotref,
559 1706 755 1744 Dominus
775 1705 905 1743 Adam
920 1704 1023 1742 de—
1044 1704 1206 1756 (miles),
1232 1707 1292 1744 16.

393 1761 613 1812 Routhbyr,
652 1759 854 1799 Johannes
882 1759 987 1797 de—
1007 1757 1227 1809 (burgenfis
1256 1760 1305 1798 de

447 1814 685 1865 Berewico).
711 1818 771 1851 12.

391 1868 532 1914 Ruffel,
572 1868 822 1905 Robertus-
841 1865 1062 1917 (burgenfis
1096 1865 1146 1903 de
1185 1866 1302 1905 Bere-

443 1923 543 1960 wico
565 1951 577 1966 ,
602 1927 662 1959 12.

391 1923 562 2027 Rydale?
591 1974 797 2025 Philippus
830 1974 935 2012 de—
955 1973 1097 2024 (major
1125 1972 1218 2011 ville
1253 1973 1302 2011 de

445 2029 677 2080 Berewico),
701 2034 762 2067 12.

617 2154 625 2177 ι

392 2190 992 2234 ΞΑΝΟΤΙΑΝΒΒΕΕΕΡῐεεοΡυε,
1010 2187 1302 2226 Willielmus—

743 2244 887 2294 (custos
930 2242 1082 2292 regni),
1118 2247 1156 2285 7,
1191 2246 1227 2288 8,
1262 2247 1302 2286 9,

745 2302 808 2342 14,
845 2296 907 2341 16,
942 2301 1004 2340 18,
1041 2300 1106 2340 20,
1138 2300 1203 2339 21,
1236 2301 1300 2340 22,

745 2356 815 2396 23,
865 2349 1058 2399 (William
1105 2349 1155 2386 de
1193 2349 1303 2386 Seint

746 2404 912 2441 Andreu
947 2403 1120 2453 euesqe),
1148 2407 1212 2447 25,
1235 2407 1300 2446 27,

742 2463 808 2502 29,
823 2461 887 2501 30,
903 2461 967 2502 32,
985 2461 1050 2501 35,
1069 2461 1133 2501 37,
1150 2461 1215 2500 45,
1237 2461 1300 2500 49.

731 2511 853 2560 prior,
874 2510 1128 2547 Johannes—
1146 2508 1207 2546 16.

390 2567 531 2603 Sancte
546 2565 683 2602 Crucis
698 2564 747 2601 de
760 2562 999 2612 Edinburgh
1013 2563 1146 2607 abbas,
1161 2561 1299 2600 Domi-

443 2632 518 2656 nus
538 2618 723 2654 Adam—
738 2621 799 2654 13.
1203 2628 1207 2631 ⁴

390 2671 523 2710 Sancti
554 2670 744 2710 Johannis
776 2667 1069 2707 Ieresolimitani
1101 2667 1143 2705 in
1164 2667 1300 2706 Scocia

441 2725 561 2775 prior,
582 2724 721 2761 Frater
741 2721 1022 2760 Alexander—
1041 2726 1102 2766 19.

390 2779 533 2817 Sancto
562 2776 693 2826 Claro,
728 2775 924 2813 Dominus
959 2774 1161 2812 Henricus
1195 2773 1299 2812 de—

789 2828 898 2866 miles
922 2855 933 2872 ,
952 2834 990 2873 9.

702 2830 917 2921 Doininus)
929 2880 1164 2919 willielmus
1195 2879 1299 2919 de—

768 2935 932 2986 (miles),
967 2941 1006 2980 9,
1044 2939 1108 2978 15,
1137 2939 1203 2978 22,
1231 2939 1297 2980 23,

767 2987 959 3039 (William
974 2987 1024 3026 de
1037 2986 1297 3039 SeintClere)‚

768 3047 836 3088 25,
857 3047 923 3087 27,
943 3046 1008 3086 29,
1031 3046 1095 3085 33,
1117 3045 1183 3087 35,
1204 3045 1268 3084 37.

704 3096 892 3147 Magister
918 3094 1151 3132 Willielmus
1194 3093 1299 3131 de—

441 3151 663 3203 (burgenfis
683 3149 818 3189 Sancti
844 3148 1037 3188 Johannis
1058 3148 1108 3186 de
1144 3147 1297 3199 Pel-th),

387 3212 677 3308 Sczir7deburgh,
720 3256 914 3295 Robertus
952 3256 1057 3294 de—
1077 3254 1298 3306 (burgenfis

441 3311 574 3352 Sancti
592 3309 781 3350 Johannis
799 3309 849 3348 de
869 3309 1022 3360 Perth),
1046 3314 1108 3352 17.

386 3365 600 3410 Schenker,
640 3362 891 3401 Walterus—
909 3362 1130 3414 (burgenfis
1163 3361 1297 3402 Sancti

439 3417 627 3461 Johannis
646 3416 697 3455 de
716 3414 870 3468 Perth),
893 3420 955 3460 17.

1030 435 1288 487 INDEX
1322 435 1708 488 NOMINUM.
2303 440 2372 487 vii

1462 584 1602 630 Scona,
1620 583 1741 622 abbas
1759 583 1821 628 de,
1842 583 1978 623 Frater
1998 585 2224 624 Thomas—
2239 591 2300 625 18.

1463 637 1616 683 Sem-th,
1649 636 1885 675 Andreas—
1903 638 2122 690 (burgenfis
2146 641 2278 680 Sancti
2302 641 2368 680 Jo-

1515 689 1656 728 hannis
1674 690 1725 728 de
1746 690 1898 742 Perth),
1923 696 1983 734 17.

1461 742 1614 789 Scotus‚
1636 743 1832 782 Dominus
1851 744 2076 783 Michael—
2093 747 2254 798 (miles),
2280 747 2338 786 16.

1460 795 1605 843 Sealer,
1635 796 1783 846 Symon
1801 797 1893 835 le—
1913 798 2130 850 (burgenfis
2150 800 2282 840 Sancti
2299 802 2365 840 Jo-

1514 850 1654 888 nannis
1673 850 1723 888 de
1743 849 1896 901 Perth),
1921 856 1982 894 17.

1459 902 1614 955 Seleby,
1642 903 1774 941 Adam
1801 904 1905 942 de—
1926 905 2142 957 (burgenfis
2170 907 2220 946 de
2247 907 2364 946 Bere-

1513 957 1646 1008 wico),
1670 962 1731 995 12.

1459 1009 1686 1060 Selghkirk,
1726 1010 1899 1049 Thomas
1935 1011 2040 1050 de—
2059 1014 2279 1065 (burgenfis
2315 1015 2366 1054 de

1512 1064 1742 1113 Berewico),
1766 1066 1828 1101 12.

1458 1115 1677 1162 Senescalli,
1706 1116 1902 1154 Dominus
1927 1117 2182 1157 Johannes—
2197 1120 2364 1174 (miles),

1456 1222 1696 1262 Senescallus
1717 1223 1862 1269 Scocie,
1879 1224 2104 1263 Jacobus—
2119 1226 2261 1275 (custos
2276 1239 2363 1277 reg-

1508 1277 1585 1329 ni),
1606 1282 1643 1322 7,
1667 1281 1704 1322 8,
1725 1283 1764 1322 9,
1787 1282 1849 1322 14,
1874 1282 1937 1322 15,
1959 1284 2027 1324 21,
2043 1285 2110 1326 22,
2129 1285 2194 1326 23,
2218 1281 2366 1330 (James

1512 1330 1722 1368 Seneschal
1744 1331 1950 1382 Descoce),
1971 1337 2036 1370 25.

1455 1384 1676 1422 Sodorenfis
1695 1383 1925 1435 Episcopus,
1955 1386 2169 1425 Marcus—
2188 1387 2361 1440 (cancel-

1507 1437 1627 1475 larius
1645 1437 1791 1487 regni)‚
1812 1443 1848 1482 9.

1454 1491 1591 1536 Soltre‚
1618 1491 1798 1541 magister
1818 1491 2017 1542 hospitalis
2037 1493 2098 1539 de,
2130 1494 2360 1547 Radulphus

1506 1550 1626 1589 —19.

1452 1598 1599 1643 Soules‚
1634 1597 1830 1636 Dominus
1848 1598 2044 1638 Johannes
2070 1601 2174 1639 de—
2194 1602 2357 1655 (miles),

1694 1657 1730 1696 9,
1753 1657 1819 1696 22,
1840 1657 1904 1697 45,
1926 1658 1989 1697 49.

1638 1704 1853 1743 Nicholaus
1867 1705 1971 1743 de—
1987 1707 2118 1759 (baro)
2126 1723 2139 1754 ,·
2159 1709 2175 1758 (
2180 1708 2217 1745 N
2219 1708 2295 1747 icol
2308 1711 2358 1749 de

1694 1758 1866 1809 Soules),
1888 1764 1924 1803 5,
1946 1766 2010 1798 21.

1629 1811 1825 1850 Dominus
1835 1812 2066 1853 Willielmus
2078 1815 2182 1853 de—
2192 1815 2356 1868 (miles),

1449 1871 1677 1970 Sogihgate,
1711 1920 1812 1957 Roffi
1846 1920 1949 1957 de—
1969 1921 2187 1973 (burgenfis
2226 1923 2357 1962 Sancti

1709 1973 1898 2010 Johannis
1917 1974 1966 2011 de
1988 1975 2142 2028 Perth),
2167 1982 2228 2019 17.

1687 2026 1879 2064 Wadinus
1910 2027 2088 2079 [Wady]
2126 2030 2230 2067 de—
2244 2031 2356 2080 (bur-

1501 2080 1627 2129 genfis
1647 2079 1779 2117 Sancti
1798 2079 1986 2119 Johannis
2005 2082 2054 2119 de
2071 2082 2227 2136 Perth)‚
2251 2088 2311 2126 17.

1449 2132 1657 2179 Southren‚
1696 2133 1946 2172 Johannes—
1966 2135 2185 2186 (burgenfis
2224 2136 2357 2175 Sancti

1501 2187 1691 2224 Johannis
1711 2187 1761 2224 de
1784 2186 1933 2238 perth),
1957 2193 2020 2230 17.

1450 2239 1626 2289 Speldre,
1659 2239 1956 2290 Reginaldus—
1976 2242 2196 2292 (burgenfis
2224 2242 2356 2281 Sancti

1502 2293 1695 2331 Johannis
1715 2293 1765 2331 de
1786 2293 1939 2344 Perth),
1962 2300 2023 2337 17.

1450 2346 1609 2398 Spring,
1640 2346 1894 2385 Henricus—
1914 2348 2137 2399 (burgenfis
2163 2349 2213 2387 de
2240 2350 2355 2389 Bere-

1502 2400 1634 2450 wico),
1659 2405 1719 2438 12.

1447 2453 1558 2504 stag,
1593 2452 1844 2492 Johannes—
1864 2454 2084 2506 (burgenfis
2117 2455 2249 2494 Sancti
2285 2457 2354 2495 Jo-

1502 2506 1644 2544 hannis
1663 2507 1714 2544 de
1734 2507 1887 2558 Perth),
1913 2513 1974 2550 17.

1448 2560 1664 2605 Strathern,
1685 2573 1813 2598 comes
1832 2561 1894 2605 de,
1916 2560 2142 2599 Malifius—
2160 2567 2221 2607 14,
2246 2567 2307 2600 18.

1682 2613 1867 2651 comitiffa
1895 2614 1999 2651 de—
2023 2614 2115 2652 Vide
2144 2615 2252 2659 Man,
2292 2628 2351 2653 re-

1498 2666 1592 2716 gina
1610 2665 1724 2703 de—.

1447 2719 1619 2769 Strathy,
1659 2718 1809 2769 Symon
1841 2718 1946 2756 de—
1968 2719 2186 2770 (burgenfis
2219 2721 2352 2760 Sancti

1499 2771 1686 2810 Johannis
1708 2772 1758 2809 de
1778 2772 1934 2823 perth),
1958 2777 2018 2815 17.

1447 2825 1646 2870 Striuelin,
1665 2825 1797 2862 Adam
1812 2825 1916 2862 de—
1931 2826 2149 2876 (burgenfis
2168 2826 2218 2865 de
2231 2827 2350 2866 Bere-

1714 2878 1945 2924 Berewico),
1969 2884 2030 2917 12.

1625 2954 1643 2963 -
1662 2931 1863 2970 Johannes
1905 2931 2010 2970 dc—
2039 2933 2258 2984 (burgenfis
2302 2934 2352 2973 de

1499 2984 1734 3036 Berewico),
1757 2990 1818 3023 12.

1446 3038 1624 3090 Syward,
1654 3038 1848 3076 Dominus
1875 3038 2067 3077 Ricardus
2085 3039 2267 3079 dictus—
2288 3046 2350 3087 10,

1498 3097 1564 3138 27,
1586 3091 1778 3142 (Richard
1797 3092 1996 3144 Syward),
2017 3097 2082 3139 29.

1447 3253 1678 3298 Tmaoun,
1707 3251 1837 3290 Adam
1861 3251 1953 3291 le—
1972 3252 2190 3304 (burgenfis
2218 3252 2350 3292 Sancti

1497 3306 1691 3345 Johannis
1710 3305 1760 3343 de
1780 3305 1931 3353 Perth),
1955 3310 2016 3348 17.

1445 3359 1588 3404 Taket,
1608 3358 1871 3410 Philippus—-
1892 3358 2113 3410 (burgenfis
2133 3358 2263 3398 Sancti
2281 3360 2348 3399 Jo-

1498 3412 1638 3451 hannis
1657 3411 1707 3450 de
1727 3410 1880 3463 Perth),
1904 3416 1964 3455 17.
