3048 3978
1565 487 1631 536 90

661 626 751 692 qui
781 626 929 676 cestes
961 625 1130 675 lettres
1165 633 1367 675 verront
1403 642 1470 675 ou
1509 632 1679 675 orront
1719 626 1895 676 Nicole
1930 626 1994 675 de
2028 626 2076 675 la
2111 627 2258 694 Haye
2292 627 2557 685 Chiualer‘e

660 723 792 773 saluz
811 751 825 765 ·
895 725 1001 774 Pur
1018 740 1106 773 ceo
1127 741 1191 790 qe
1206 724 1290 789 jeo
1313 725 1367 773 su
1386 739 1554 773 venuz
1578 725 1605 772 5
1627 724 1675 772 la
1695 724 1766 772 foi
1783 742 1799 773 l
1815 727 1843 773 e
1867 725 1894 772 5
1916 724 1962 773 la
1985 725 2195 774 volunte
2229 726 2300 774 du
2333 726 2576 783 tresnoble

663 822 846 871 Prince
867 838 987 871 mon
1009 822 1144 871 chier
1163 822 1407 888 Seigneur
1425 822 1645 870 Edward
1663 838 1750 887 par
1766 821 1814 870 la
1829 838 1973 887 grace
1991 822 2130 871 Dieu
2145 823 2247 872 Roi
2266 806 2574 889 Denglei'ret

666 919 909 986 Seigneur
944 919 1160 968 Dirland
1177 936 1195 967 l
1212 921 1240 967 ό
1263 919 1384 968 dues
1425 919 1771 984 Daquitaigne
1787 936 1805 967 ι
1821 919 1907 984 jeo
1947 925 2143 983 promet
2181 936 2278 984 pur
2300 920 2406 969 moi
2427 937 2457 969 e
2477 936 2575 986 pur

662 1032 768 1066 mes
790 1015 920 1065 heirs
953 1016 1033 1064 sur
1062 1017 1207 1081 peine
1244 1016 1306 1064 de
1342 1032 1447 1065 cors
1481 1018 1509 1064 ἐ
1540 1016 1715 1065 dauoir
1734 1033 1751 1064 l
1770 1018 1798 1064 e
1820 1017 1901 1065 sur
1933 1016 2047 1080 q‘nt
2069 1032 2132 1081 qe
2164 1032 2291 1066 nous
2329 1015 2574 1082 peuss'oms

663 1128 878 1162 encoure
896 1130 913 1160 t
931 1129 995 1177 qe
1033 1129 1161 1162 nous
1195 1113 1233 1162 li
1265 1114 1524 1162 seruiroms
1556 1114 1672 1162 bien
1696 1115 1724 1161 e
1746 1113 2023 1163 loiaument
2056 1120 2226 1163 contre
2259 1120 2388 1164 totes
2421 1120 2573 1181 gentz

666 1211 758 1275 qui
792 1215 1004 1275 purront
1020 1211 1164 1259 viure
1185 1213 1213 1259 ἐ
1236 1212 1389 1259 morir
1407 1229 1425 1259 t
1446 1217 1573 1259 totes
1596 1211 1667 1259 les
1689 1211 1787 1259 foiz
1811 1227 1874 1275 qe
1906 1227 2033 1260 nous
2066 1212 2270 1261 serroms
2302 1213 2469 1277 requis
2504 1228 2574 1262 ou

661 1309 832 1373 garniz
857 1309 919 1357 de
940 1324 1030 1373 par
1054 1308 1215 1356 nostre
1239 1308 1481 1373 Seigneur
1502 1308 1549 1356 le
1572 1308 1674 1356 Roi
1694 1290 1976 1373 DenglePre
1998 1309 2246 1363 auantdist
2265 1327 2283 1357 l
2302 1325 2369 1357 ou
2392 1325 2481 1374 par
2502 1309 2573 1357 ses

662 1405 791 1453 heirs
811 1421 828 1452 ι
842 1407 870 1452 ἑ
888 1420 951 1468 qe
966 1420 1093 1452 nous
1115 1405 1224 1453 leur
1245 1405 1455 1470 damage
1486 1421 1552 1452 ne
1588 1406 1805 1453 sauroms
1827 1422 1840 1454 ι
1863 1422 1926 1470 qe
1965 1421 2092 1454 nous
2125 1406 2208 1454 nel
2241 1406 2573 1455 destorbeoms

663 1503 690 1549 5
725 1507 804 1549 tot
840 1504 929 1550 nfe
966 1516 1087 1565 poer
1110 1518 1129 1548 l
1153 1502 1181 1548 ό
1220 1501 1267 1548 le
1295 1501 1405 1548 leur
1424 1500 1637 1548 faceoms
1660 1502 1688 1547 5
1711 1502 1870 1549 sauoir
1885 1528 1897 1541 ·
1957 1503 2006 1551 E
2031 1502 2058 1549 5
2081 1503 2229 1551 cestes
2252 1503 2414 1552 choses
2443 1504 2573 1551 tenir

660 1614 689 1646 e
710 1598 887 1663 garder
905 1601 919 1647 Ξ
932 1598 1017 1662 jeo
1039 1597 1206 1662 oblige
1227 1598 1331 1644 moi
1355 1600 1382 1644 e
1405 1612 1511 1645 mes
1534 1596 1663 1645 heirs
1687 1599 1715 1646 ό
1738 1602 1859 1646 touz
1892 1613 1982 1645 nos
2003 1598 2143 1646 biens
2162 1615 2174 1647 ι
2196 1601 2224 1646 ό
2247 1605 2392 1647 outre
2414 1616 2502 1648 ceo
2523 1602 2571 1648 ai

652 1696 736 1759 jeo
750 1695 893 1759 jurez
916 1695 998 1742 sur
1022 1695 1214 1745 Seintes
1231 1694 1525 1759 Eu‘ngeiles
1593 1694 1678 1741 En
1697 1694 2064 1759 tesmoignance
2086 1695 2149 1743 de
2166 1711 2305 1760 queu
2327 1695 2469 1744 chose
2483 1696 2571 1761 jeo

660 1794 706 1841 ai
727 1792 816 1840 fait
837 1791 960 1840 faire
982 1793 1131 1840 cestes
1164 1792 1334 1840 lettres
1360 1797 1557 1840 ouertes
1580 1790 1756 1840 sealees
1780 1791 1843 1840 de
1865 1807 1984 1840 mon
2012 1792 2122 1841 Seal
2138 1819 2150 1832 ·
2221 1793 2346 1842 Doii
2383 1796 2493 1859 [ssoeu
2515 1800 2575 1843 ut

655 1890 851 1955 supra]
988 1890 1123 1937 Item
1184 1890 1240 1938 A
1263 1895 1384 1938 touz
1409 1904 1554 1937 ceaus
1578 1889 1668 1954 qui
1694 1889 1842 1938 cestes
1878 1889 2048 1938 lettres
2071 1896 2275 1939 verront
2302 1907 2370 1941 ou
2403 1897 2573 1941 orront

656 1989 692 2038 J
693 1988 823 2036 ohan
855 1987 920 2035 de
953 1987 1168 2037 Seincler
1199 1987 1264 2036 de
1288 1987 1645 2037 Hirmanestofi
1677 1987 1811 2036 saluz
1833 2016 1845 2028 ·
1897 1988 2007 2037 Pur
2039 2004 2127 2038 ceo
2163 1991 2266 2055 [ᾀο.
2295 1989 2568 2055 utsupra]

658 2086 782 2135 Dofi
806 2088 910 2151 [850.
934 2092 989 2134 ut
1007 2086 1202 2151 supra]
1340 2085 1473 2133 Item
1489 2112 1502 2126 ·
1572 2085 1628 2134 A
1651 2091 1771 2133 touz
1794 2100 1938 2134 ceaus
1961 2086 2052 2150 qui
2086 2085 2233 2134 cestes
2266 2085 2436 2136 lettres
2460 2102 2570 2135 ver-

658 2188 774 2232 ront
811 2200 878 2232 ou
907 2189 1075 2232 orront
1092 2201 1108 2231 l
1125 2183 1343 2232 Andreu
1365 2182 1429 2231 de
1453 2182 1686 2232 Chartres
1707 2181 1840 2231 saluz
1858 2210 1871 2223 ·
1921 2183 2030 2231 Pur
2053 2199 2139 2231 ceo
2163 2186 2270 2248 [85⁶·
2291 2190 2349 2231 ut
2368 2183 2566 2249 supra]

659 2282 781 2330 Dofi
816 2284 917 2347 [ege.
941 2289 995 2330 ut
1014 2282 1210 2348 supra]
1348 2281 1482 2329 Item
1498 2307 1510 2321 ·
1579 2280 1636 2329 A
1659 2286 1778 2329 touz
1813 2295 1958 2330 ceaus
1980 2281 2072 2346 qui
2094 2280 2244 2329 eestes
2266 2279 2437 2329 lettres
2459 2296 2567 2329 ver·

659 2384 774 2427 ront
807 2395 874 2428 ou
912 2385 1081 2427 orront
1106 2383 1119 2429 Ξ
1143 2378 1375 2428 Wiuiam
1409 2378 1474 2426 de
1510 2377 1830 2429 Silkesworth
1865 2377 1998 2426 saluz
2020 2406 2033 2418 ·
2090 2378 2200 2426 Pur
2237 2392 2325 2426 ceo
2372 2380 2477 2443 [ᾀο.
2511 2384 2570 2426 ut

660 2477 853 2543 supra]
923 2477 1044 2525 Dofi
1101 2481 1204 2543 [ᾀο.
1246 2483 1303 2526 ιιι
1320 2477 1521 2543 supra]
1657 2476 1791 2524 Item
1858 2475 1916 2525 A
1955 2480 2075 2524 touz
2115 2490 2259 2524 ceaus
2295 2475 2386 2540 qui
2419 2474 2567 2524 cestes

657 2574 823 2623 lettres
845 2581 1046 2625 verront
1067 2591 1136 2624 ou
1158 2580 1329 2624 orront
1344 2592 1362 2623 l
1379 2573 1681 2623 Alisaundre
1705 2573 1769 2621 de
1793 2573 1954 2622 Erthe
1975 2573 2108 2622 saluz
2124 2599 2138 2613 ·
2206 2573 2317 2621 Pur
2340 2588 2426 2622 ceo
2457 2575 2565 2639 [ᾅσ.

656 2679 712 2721 ut
729 2674 922 2739 supra]
991 2674 1115 2722 Do‘r‘i
1140 2677 1243 2740 [ᾀο.
1268 2677 1324 2722 ut
1344 2672 1541 2739 supra]
1678 2671 1813 2720 Item
1833 2698 1847 2713 ·
1915 2671 1972 2721 A
1993 2676 2113 2720 touz
2138 2686 2281 2720 ceaus
2305 2670 2397 2736 qui
2418 2670 2573 2741 cestes

652 2770 819 2819 lettres
851 2776 1054 2820 verront
1075 2786 1143 2820 ou
1166 2775 1339 2819 orront
1358 2787 1376 2818 ι
1396 2769 1592 2834 Hughe
1626 2768 1795 2835 Rydel
1828 2769 2065 2818 chiualier
2081 2791 2098 2817 l
2113 2768 2246 2818 saluz
2267 2796 2280 2810 ο
2332 2769 2443 2818 Pur
2479 2782 2567 2822 ceo

659 2870 761 2932 [ᾀσ.
793 2875 852 2916 ut
870 2869 1064 2933 supra]
1134 2869 1257 2917 Dofi
1301 2871 1405 2934 [ᾀσ.
1447 2874 1505 2916 ut
1535 2867 1733 2932 supra]
1869 2867 2005 2916 Item
2071 2867 2129 2916 A
2163 2871 2453 2918 touz.ceaus
2475 2865 2567 2929 qui

659 2962 806 3011 cestes
838 2971 1040 3013 verront
1073 2982 1140 3014 ou
1176 2971 1348 3015 orront
1369 2983 1380 3016 ι
1401 2965 1432 3015 J
1439 2965 1571 3014 ohan
1594 2966 1792 3031 Comyn
1815 2964 1880 3013 de
1903 2962 2229 3029 Scraesburgh
2251 2961 2384 3012 saluz
2403 2987 2418 3003 ·
2452 2962 2565 3016 Pur

657 3074 743 3107 ceo
769 3063 871 3126 [gc.
894 3067 950 3109 ut
967 3064 1163 3127 supra]
1233 3065 1356 3113 Dofi
1382 3067 1486 3130 [830.
1509 3069 1564 3113 ut
1586 3061 1784 3130 supra]

656 3239 816 3303 Anno
839 3251 949 3301 Dffi
983 3258 1036 3302 et
1071 3253 1331 3304 Indicione
1365 3256 1640 3322 prenotatis
1657 3272 1675 3305 ι
1690 3254 1800 3305 loco
1839 3254 2072 3320 proximo
2107 3252 2399 3319 sup‘scripto
2418 3269 2437 3302 l
2452 3266 2563 3318 pres·

653 3348 837 3414 sentibq,
859 3364 873 3400 ι
893 3348 1108 3415 nobilibq,
1147 3351 1266 3401 viris
1286 3369 1303 3401 ι
1323 3352 1434 3414 dffis
1450 3371 1469 3405 ι
1487 3355 1525 3406 J
1524 3353 1719 3405 ohanne
1754 3351 1974 3419 Tregotz
1995 3350 2268 3403 1·Waltero
2311 3350 2376 3402 de
2419 3347 2565 3407 Bello.
