<?xml version="1.0" encoding="UTF-8"?>
<!DOCTYPE html PUBLIC "-//W3C//DTD XHTML 1.0 Transitional//EN"
    "http://www.w3.org/TR/xhtml1/DTD/xhtml1-transitional.dtd">
<html xmlns="http://www.w3.org/1999/xhtml" xml:lang="en" lang="en">
 <head>
  <title>
</title>
<meta http-equiv="Content-Type" content="text/html;charset=utf-8" />
  <meta name='ocr-system' content='tesseract 3.04.00' />
  <meta name='ocr-capabilities' content='ocr_page ocr_carea ocr_par ocr_line ocrx_word'/>
</head>
<body>
  <div class='ocr_page' id='page_1' title='image "./instrumentapublica00thomuoft_0181.png"; bbox 0 0 3048 3978; ppageno 0'>
   <div class='ocr_carea' id='block_1_1' title="bbox 1439 471 1535 522">
    <p class='ocr_par' dir='ltr' id='par_1_1' title="bbox 1439 471 1535 522">
     <span class='ocr_line' id='line_1_1' title="bbox 1439 471 1535 522; baseline 0.052 -6"><span class='ocrx_word' id='word_1_1' title='bbox 1439 471 1535 522; x_wconf 84' lang='lat'>149</span> 
     </span>
    </p>
   </div>
   <div class='ocr_carea' id='block_1_2' title="bbox 507 609 2443 1461">
    <p class='ocr_par' dir='ltr' id='par_1_2' title="bbox 507 609 2443 1461">
     <span class='ocr_line' id='line_1_2' title="bbox 509 609 2440 678; baseline 0 -17"><span class='ocrx_word' id='word_1_2' title='bbox 509 611 627 663; x_wconf 73' lang='lat' dir='ltr'>ford</span> <span class='ocrx_word' id='word_1_3' title='bbox 646 631 664 662; x_wconf 79' lang='lat' dir='ltr'><em>t</em></span> <span class='ocrx_word' id='word_1_4' title='bbox 679 612 921 663; x_wconf 88' lang='lat' dir='ltr'>Wautier</span> <span class='ocrx_word' id='word_1_5' title='bbox 958 613 1023 662; x_wconf 89' lang='lat' dir='ltr'>de</span> <span class='ocrx_word' id='word_1_6' title='bbox 1067 615 1250 678; x_wconf 84' lang='lat' dir='ltr'>Lynne</span> <span class='ocrx_word' id='word_1_7' title='bbox 1266 628 1284 660; x_wconf 77' lang='lat' dir='ltr'><em>t</em></span> <span class='ocrx_word' id='word_1_8' title='bbox 1302 611 1524 660; x_wconf 84' lang='lat' dir='ltr'><strong>Thomas</strong></span> <span class='ocrx_word' id='word_1_9' title='bbox 1569 611 1635 659; x_wconf 87' lang='lat' dir='ltr'>de</span> <span class='ocrx_word' id='word_1_10' title='bbox 1672 609 1910 675; x_wconf 71' lang='lat' dir='ltr'>Wyntofi</span> <span class='ocrx_word' id='word_1_11' title='bbox 1933 628 1945 662; x_wconf 85' lang='lat' dir='ltr'><em>l</em></span> <span class='ocrx_word' id='word_1_12' title='bbox 1966 612 2138 661; x_wconf 87' lang='lat' dir='ltr'>James</span> <span class='ocrx_word' id='word_1_13' title='bbox 2182 610 2246 661; x_wconf 89' lang='lat' dir='ltr'>de</span> <span class='ocrx_word' id='word_1_14' title='bbox 2291 613 2402 663; x_wconf 87' lang='lat' dir='ltr'>Ros</span> <span class='ocrx_word' id='word_1_15' title='bbox 2423 630 2440 661; x_wconf 88' lang='lat' dir='ltr'><em>l</em></span> 
     </span>
     <span class='ocr_line' id='line_1_3' title="bbox 509 707 2438 777; baseline 0 -17"><span class='ocrx_word' id='word_1_16' title='bbox 509 710 685 761; x_wconf 81' lang='lat' dir='ltr'>..Johan</span> <span class='ocrx_word' id='word_1_17' title='bbox 708 711 890 762; x_wconf 87' lang='lat' dir='ltr'>vicaire</span> <span class='ocrx_word' id='word_1_18' title='bbox 917 710 1000 760; x_wconf 88' lang='lat' dir='ltr'>del</span> <span class='ocrx_word' id='word_1_19' title='bbox 1021 709 1193 776; x_wconf 88' lang='lat' dir='ltr'>Eglise</span> <span class='ocrx_word' id='word_1_20' title='bbox 1231 708 1296 758; x_wconf 85' lang='lat' dir='ltr'>de</span> <span class='ocrx_word' id='word_1_21' title='bbox 1318 709 1556 758; x_wconf 74' lang='lat' dir='ltr'>Garuant</span> <span class='ocrx_word' id='word_1_22' title='bbox 1581 707 1892 757; x_wconf 87' lang='lat' dir='ltr'>Murthauch</span> <span class='ocrx_word' id='word_1_23' title='bbox 1932 710 1995 758; x_wconf 90' lang='lat' dir='ltr'>de</span> <span class='ocrx_word' id='word_1_24' title='bbox 2036 711 2402 777; x_wconf 69' lang='lat' dir='ltr'>Muntgomery</span> <span class='ocrx_word' id='word_1_25' title='bbox 2425 729 2438 760; x_wconf 84' lang='grc' dir='ltr'><em>ι</em></span> 
     </span>
     <span class='ocr_line' id='line_1_4' title="bbox 519 806 2441 876; baseline -0.001 -17"><span class='ocrx_word' id='word_1_26' title='bbox 519 810 751 859; x_wconf 82' lang='lat' dir='ltr'>Dunkan</span> <span class='ocrx_word' id='word_1_27' title='bbox 787 809 852 858; x_wconf 89' lang='lat' dir='ltr'>fiz</span> <span class='ocrx_word' id='word_1_28' title='bbox 878 808 1078 859; x_wconf 88' lang='lat' dir='ltr'>Gilmor</span> <span class='ocrx_word' id='word_1_29' title='bbox 1105 807 1328 856; x_wconf 86' lang='lat' dir='ltr'>Edward</span> <span class='ocrx_word' id='word_1_30' title='bbox 1351 825 1368 855; x_wconf 76' lang='lat' dir='ltr'><em>t</em></span> <span class='ocrx_word' id='word_1_31' title='bbox 1384 806 1608 856; x_wconf 85' lang='lat' dir='ltr'>Renaud</span> <span class='ocrx_word' id='word_1_32' title='bbox 1631 807 1780 856; x_wconf 92' lang='lat' dir='ltr'>More</span> <span class='ocrx_word' id='word_1_33' title='bbox 1797 828 1812 853; x_wconf 80' lang='lat' dir='ltr'><em>l</em></span> <span class='ocrx_word' id='word_1_34' title='bbox 1830 807 1982 856; x_wconf 91' lang='lat' dir='ltr'>Nicol</span> <span class='ocrx_word' id='word_1_35' title='bbox 2018 808 2081 856; x_wconf 90' lang='lat' dir='ltr'>de</span> <span class='ocrx_word' id='word_1_36' title='bbox 2117 809 2406 876; x_wconf 59' lang='lat' dir='ltr'>Achthele}</span> <span class='ocrx_word' id='word_1_37' title='bbox 2424 828 2441 857; x_wconf 84' lang='lat' dir='ltr'><em>l</em></span> 
     </span>
     <span class='ocr_line' id='line_1_5' title="bbox 517 903 2440 974; baseline -0.001 -18"><span class='ocrx_word' id='word_1_38' title='bbox 517 907 687 974; x_wconf 70' lang='lat' dir='ltr'>Aleyn</span> <span class='ocrx_word' id='word_1_39' title='bbox 704 907 768 957; x_wconf 91' lang='lat' dir='ltr'>de</span> <span class='ocrx_word' id='word_1_40' title='bbox 787 908 945 956; x_wconf 86' lang='lat' dir='ltr'>Keres</span> <span class='ocrx_word' id='word_1_41' title='bbox 963 924 979 956; x_wconf 79' lang='lat' dir='ltr'><em>t</em></span> <span class='ocrx_word' id='word_1_42' title='bbox 990 905 1223 971; x_wconf 81' lang='lat' dir='ltr'>Symund</span> <span class='ocrx_word' id='word_1_43' title='bbox 1243 905 1306 954; x_wconf 88' lang='lat' dir='ltr'>de</span> <span class='ocrx_word' id='word_1_44' title='bbox 1326 904 1569 970; x_wconf 86' lang='lat' dir='ltr'>Spalding</span> <span class='ocrx_word' id='word_1_45' title='bbox 1585 905 1790 970; x_wconf 88' lang='lat' dir='ltr'>persone</span> <span class='ocrx_word' id='word_1_46' title='bbox 1808 903 1889 952; x_wconf 91' lang='lat' dir='ltr'>del</span> <span class='ocrx_word' id='word_1_47' title='bbox 1903 905 2074 969; x_wconf 89' lang='lat' dir='ltr'>Eglise</span> <span class='ocrx_word' id='word_1_48' title='bbox 2095 905 2157 953; x_wconf 88' lang='lat' dir='ltr'>de</span> <span class='ocrx_word' id='word_1_49' title='bbox 2172 907 2440 972; x_wconf 74' lang='lat' dir='ltr'>Ogheltret</span> 
     </span>
     <span class='ocr_line' id='line_1_6' title="bbox 515 1002 2442 1055; baseline 0 -1"><span class='ocrx_word' id='word_1_50' title='bbox 515 1005 813 1054; x_wconf 88' lang='lat' dir='ltr'>Maucolum</span> <span class='ocrx_word' id='word_1_51' title='bbox 838 1004 1096 1055; x_wconf 78' lang='lat' dir='ltr'>Lockaret</span> <span class='ocrx_word' id='word_1_52' title='bbox 1119 1003 1202 1052; x_wconf 89' lang='lat' dir='ltr'>del</span> <span class='ocrx_word' id='word_1_53' title='bbox 1237 1003 1439 1053; x_wconf 86' lang='lat' dir='ltr'>Counte</span> <span class='ocrx_word' id='word_1_54' title='bbox 1472 1003 1537 1051; x_wconf 89' lang='lat' dir='ltr'>de</span> <span class='ocrx_word' id='word_1_55' title='bbox 1570 1003 1709 1052; x_wconf 75' lang='lat' dir='ltr'>Aret</span> <span class='ocrx_word' id='word_1_56' title='bbox 1732 1004 1760 1051; x_wconf 78' lang='lat' dir='ltr'>e</span> <span class='ocrx_word' id='word_1_57' title='bbox 1791 1002 2016 1052; x_wconf 85' lang='lat' dir='ltr'>Richard</span> <span class='ocrx_word' id='word_1_58' title='bbox 2041 1004 2170 1052; x_wconf 91' lang='lat' dir='ltr'>Wer</span> <span class='ocrx_word' id='word_1_59' title='bbox 2191 1022 2208 1052; x_wconf 84' lang='lat' dir='ltr'><em>l</em></span> <span class='ocrx_word' id='word_1_60' title='bbox 2225 1005 2442 1054; x_wconf 86' lang='lat' dir='ltr'><strong>Thomas</strong></span> 
     </span>
     <span class='ocr_line' id='line_1_7' title="bbox 510 1079 2443 1168; baseline -0.001 -17"><span class='ocrx_word' id='word_1_61' title='bbox 510 1104 576 1152; x_wconf 89' lang='lat' dir='ltr'>de</span> <span class='ocrx_word' id='word_1_62' title='bbox 600 1103 863 1168; x_wconf 70' lang='lat' dir='ltr'>Muscamfi</span> <span class='ocrx_word' id='word_1_63' title='bbox 881 1121 898 1152; x_wconf 78' lang='lat' dir='ltr'><em>t</em></span> <span class='ocrx_word' id='word_1_64' title='bbox 918 1102 1223 1152; x_wconf 88' lang='lat' dir='ltr'>Alisaundre</span> <span class='ocrx_word' id='word_1_65' title='bbox 1251 1079 1320 1150; x_wconf 71' lang='lat' dir='ltr'>‘de</span> <span class='ocrx_word' id='word_1_66' title='bbox 1353 1101 1592 1150; x_wconf 72' lang='lat' dir='ltr'>Pauntofi</span> <span class='ocrx_word' id='word_1_67' title='bbox 1611 1118 1628 1149; x_wconf 84' lang='lat' dir='ltr'><em>l</em></span> <span class='ocrx_word' id='word_1_68' title='bbox 1646 1101 1811 1149; x_wconf 88' lang='lat' dir='ltr'>Marie</span> <span class='ocrx_word' id='word_1_69' title='bbox 1844 1101 1908 1149; x_wconf 90' lang='lat' dir='ltr'>de</span> <span class='ocrx_word' id='word_1_70' title='bbox 1942 1100 2255 1166; x_wconf 76' lang='lat' dir='ltr'>Glangeuelt</span> <span class='ocrx_word' id='word_1_71' title='bbox 2278 1103 2311 1151; x_wconf 90' lang='lat' dir='ltr'><strong>J</strong></span> <span class='ocrx_word' id='word_1_72' title='bbox 2314 1103 2443 1151; x_wconf 87' lang='lat' dir='ltr'>ohan</span> 
     </span>
     <span class='ocr_line' id='line_1_8' title="bbox 512 1198 2442 1265; baseline -0.001 -16"><span class='ocrx_word' id='word_1_73' title='bbox 512 1202 577 1250; x_wconf 86' lang='lat' dir='ltr'>de</span> <span class='ocrx_word' id='word_1_74' title='bbox 601 1201 878 1250; x_wconf 74' lang='lat' dir='ltr'>Maxewefl</span> <span class='ocrx_word' id='word_1_75' title='bbox 899 1218 910 1250; x_wconf 84' lang='grc' dir='ltr'><em>ι</em></span> <span class='ocrx_word' id='word_1_76' title='bbox 934 1200 1114 1265; x_wconf 68' lang='grc' dir='ltr'><strong>ΡὴεΙίῙό</strong></span> <span class='ocrx_word' id='word_1_77' title='bbox 1136 1200 1185 1248; x_wconf 91' lang='lat' dir='ltr'>le</span> <span class='ocrx_word' id='word_1_78' title='bbox 1209 1198 1433 1265; x_wconf 58' lang='lat' dir='ltr'>Engley‘rs</span> <span class='ocrx_word' id='word_1_79' title='bbox 1455 1216 1467 1249; x_wconf 82' lang='lat' dir='ltr'><em>l</em></span> <span class='ocrx_word' id='word_1_80' title='bbox 1487 1201 1515 1248; x_wconf 76' lang='lat' dir='ltr'>e</span> <span class='ocrx_word' id='word_1_81' title='bbox 1541 1198 1775 1264; x_wconf 86' lang='lat' dir='ltr'>Symund</span> <span class='ocrx_word' id='word_1_82' title='bbox 1800 1198 1882 1247; x_wconf 89' lang='lat' dir='ltr'>del</span> <span class='ocrx_word' id='word_1_83' title='bbox 1910 1198 2116 1247; x_wconf 88' lang='lat' dir='ltr'>Schawe</span> <span class='ocrx_word' id='word_1_84' title='bbox 2140 1199 2222 1248; x_wconf 92' lang='lat' dir='ltr'>del</span> <span class='ocrx_word' id='word_1_85' title='bbox 2242 1199 2442 1248; x_wconf 90' lang='lat' dir='ltr'>Counte</span> 
     </span>
     <span class='ocr_line' id='line_1_9' title="bbox 507 1296 2440 1364; baseline -0.001 -17"><span class='ocrx_word' id='word_1_86' title='bbox 507 1299 572 1347; x_wconf 89' lang='lat' dir='ltr'>de</span> <span class='ocrx_word' id='word_1_87' title='bbox 596 1299 800 1348; x_wconf 69' lang='lat' dir='ltr'>Lanark</span> <span class='ocrx_word' id='word_1_88' title='bbox 818 1316 836 1346; x_wconf 86' lang='lat' dir='ltr'><em>l</em></span> <span class='ocrx_word' id='word_1_89' title='bbox 853 1298 1000 1348; x_wconf 91' lang='lat' dir='ltr'>Nicol</span> <span class='ocrx_word' id='word_1_90' title='bbox 1025 1298 1088 1347; x_wconf 88' lang='lat' dir='ltr'>de</span> <span class='ocrx_word' id='word_1_91' title='bbox 1102 1299 1270 1364; x_wconf 69' lang='lat' dir='ltr'>‘Corry</span> <span class='ocrx_word' id='word_1_92' title='bbox 1288 1314 1300 1347; x_wconf 86' lang='lat' dir='ltr'><em>l</em></span> <span class='ocrx_word' id='word_1_93' title='bbox 1318 1298 1354 1347; x_wconf 91' lang='lat' dir='ltr'><strong>J</strong></span> <span class='ocrx_word' id='word_1_94' title='bbox 1356 1298 1487 1346; x_wconf 91' lang='lat' dir='ltr'>ohan</span> <span class='ocrx_word' id='word_1_95' title='bbox 1522 1297 1586 1346; x_wconf 88' lang='lat' dir='ltr'>de</span> <span class='ocrx_word' id='word_1_96' title='bbox 1621 1296 1857 1346; x_wconf 78' lang='lat' dir='ltr'>Dordoft</span> <span class='ocrx_word' id='word_1_97' title='bbox 1879 1297 2027 1346; x_wconf 88' lang='lat' dir='ltr'>Rauf</span> <span class='ocrx_word' id='word_1_98' title='bbox 2056 1297 2121 1345; x_wconf 89' lang='lat' dir='ltr'>de</span> <span class='ocrx_word' id='word_1_99' title='bbox 2152 1298 2405 1362; x_wconf 70' lang='lat' dir='ltr'>Eringtofi</span> <span class='ocrx_word' id='word_1_100' title='bbox 2425 1317 2440 1346; x_wconf 79' lang='lat' dir='ltr'><em>t</em></span> 
     </span>
     <span class='ocr_line' id='line_1_10' title="bbox 511 1395 2439 1461; baseline 0.001 -17"><span class='ocrx_word' id='word_1_101' title='bbox 511 1396 746 1461; x_wconf 80' lang='lat' dir='ltr'>Symund</span> <span class='ocrx_word' id='word_1_102' title='bbox 779 1397 842 1445; x_wconf 88' lang='lat' dir='ltr'>de</span> <span class='ocrx_word' id='word_1_103' title='bbox 875 1396 923 1444; x_wconf 88' lang='lat' dir='ltr'>la</span> <span class='ocrx_word' id='word_1_104' title='bbox 958 1396 1246 1446; x_wconf 87' lang='lat' dir='ltr'>Chaumbre</span> <span class='ocrx_word' id='word_1_105' title='bbox 1266 1413 1283 1444; x_wconf 80' lang='lat' dir='ltr'><em>l</em></span> <span class='ocrx_word' id='word_1_106' title='bbox 1303 1395 1496 1444; x_wconf 60' lang='lat' dir='ltr'>Roberi</span> <span class='ocrx_word' id='word_1_107' title='bbox 1530 1395 1594 1445; x_wconf 89' lang='lat' dir='ltr'>de</span> <span class='ocrx_word' id='word_1_108' title='bbox 1631 1395 1935 1443; x_wconf 87' lang='lat' dir='ltr'>Dunbretan</span> <span class='ocrx_word' id='word_1_109' title='bbox 1958 1412 1975 1443; x_wconf 84' lang='lat' dir='ltr'><em>l</em></span> <span class='ocrx_word' id='word_1_110' title='bbox 1995 1395 2193 1444; x_wconf 85' lang='lat' dir='ltr'>Robert</span> <span class='ocrx_word' id='word_1_111' title='bbox 2227 1396 2402 1445; x_wconf 87' lang='lat' dir='ltr'>Freser</span> <span class='ocrx_word' id='word_1_112' title='bbox 2423 1416 2439 1444; x_wconf 86' lang='lat' dir='ltr'><em>l</em></span> 
     </span>
    </p>
   </div>
   <div class='ocr_carea' id='block_1_3' title="bbox 491 1493 2442 3430">
    <p class='ocr_par' dir='ltr' id='par_1_3' title="bbox 491 1493 2442 3430">
     <span class='ocr_line' id='line_1_11' title="bbox 512 1493 2442 1560; baseline -0.001 -15"><span class='ocrx_word' id='word_1_113' title='bbox 512 1495 747 1545; x_wconf 88' lang='lat' dir='ltr'>William</span> <span class='ocrx_word' id='word_1_114' title='bbox 771 1495 834 1545; x_wconf 91' lang='lat' dir='ltr'>de</span> <span class='ocrx_word' id='word_1_115' title='bbox 859 1494 1139 1544; x_wconf 71' lang='lat' dir='ltr'>Hellebeck</span> <span class='ocrx_word' id='word_1_116' title='bbox 1155 1512 1172 1542; x_wconf 84' lang='lat' dir='ltr'><em>l</em></span> <span class='ocrx_word' id='word_1_117' title='bbox 1193 1495 1371 1560; x_wconf 66' lang='lat' dir='ltr'>Henry</span> <span class='ocrx_word' id='word_1_118' title='bbox 1386 1494 1448 1543; x_wconf 88' lang='lat' dir='ltr'>de</span> <span class='ocrx_word' id='word_1_119' title='bbox 1465 1493 1709 1557; x_wconf 86' lang='lat' dir='ltr'>Gillonby</span> <span class='ocrx_word' id='word_1_120' title='bbox 1730 1511 1747 1541; x_wconf 78' lang='lat' dir='ltr'><em>t</em></span> <span class='ocrx_word' id='word_1_121' title='bbox 1770 1493 1922 1558; x_wconf 68' lang='lat' dir='ltr'>Gyles</span> <span class='ocrx_word' id='word_1_122' title='bbox 1945 1494 2149 1558; x_wconf 89' lang='lat' dir='ltr'>persone</span> <span class='ocrx_word' id='word_1_123' title='bbox 2171 1494 2254 1542; x_wconf 86' lang='lat' dir='ltr'>del</span> <span class='ocrx_word' id='word_1_124' title='bbox 2272 1494 2442 1560; x_wconf 89' lang='lat' dir='ltr'>Eglise</span> 
     </span>
     <span class='ocr_line' id='line_1_12' title="bbox 511 1588 2438 1656; baseline -0.001 -16"><span class='ocrx_word' id='word_1_125' title='bbox 511 1592 575 1640; x_wconf 90' lang='lat' dir='ltr'>de</span> <span class='ocrx_word' id='word_1_126' title='bbox 621 1591 964 1656; x_wconf 87' lang='lat' dir='ltr'>Egglesfeyan</span> <span class='ocrx_word' id='word_1_127' title='bbox 994 1608 1005 1639; x_wconf 78' lang='grc' dir='ltr'><em>ι</em></span> <span class='ocrx_word' id='word_1_128' title='bbox 1033 1591 1232 1640; x_wconf 85' lang='lat' dir='ltr'>Robert</span> <span class='ocrx_word' id='word_1_129' title='bbox 1277 1589 1346 1638; x_wconf 73' lang='lat' dir='ltr'>de&#39;</span> <span class='ocrx_word' id='word_1_130' title='bbox 1386 1589 1629 1638; x_wconf 84' lang='lat' dir='ltr'>Perress&#39;ar</span> <span class='ocrx_word' id='word_1_131' title='bbox 1654 1607 1671 1637; x_wconf 88' lang='lat' dir='ltr'><em>l</em></span> <span class='ocrx_word' id='word_1_132' title='bbox 1695 1590 1731 1638; x_wconf 90' lang='lat' dir='ltr'><strong>J</strong></span> <span class='ocrx_word' id='word_1_133' title='bbox 1732 1589 1863 1637; x_wconf 89' lang='lat' dir='ltr'>ohan</span> <span class='ocrx_word' id='word_1_134' title='bbox 1910 1590 1973 1638; x_wconf 88' lang='lat' dir='ltr'>de</span> <span class='ocrx_word' id='word_1_135' title='bbox 2020 1588 2183 1638; x_wconf 89' lang='lat' dir='ltr'>Kirke</span> <span class='ocrx_word' id='word_1_136' title='bbox 2228 1591 2438 1640; x_wconf 71' lang='lat' dir='ltr'>Patrikt</span> 
     </span>
     <span class='ocr_line' id='line_1_13' title="bbox 512 1687 2438 1753; baseline -0.001 -16"><span class='ocrx_word' id='word_1_137' title='bbox 512 1688 733 1738; x_wconf 89' lang='lat' dir='ltr'><strong>Thomas</strong></span> <span class='ocrx_word' id='word_1_138' title='bbox 775 1688 960 1737; x_wconf 83' lang='lat' dir='ltr'>Moffet</span> <span class='ocrx_word' id='word_1_139' title='bbox 1000 1689 1082 1738; x_wconf 90' lang='lat' dir='ltr'>del</span> <span class='ocrx_word' id='word_1_140' title='bbox 1119 1690 1321 1738; x_wconf 86' lang='lat' dir='ltr'>Counte</span> <span class='ocrx_word' id='word_1_141' title='bbox 1362 1688 1426 1737; x_wconf 91' lang='lat' dir='ltr'>de</span> <span class='ocrx_word' id='word_1_142' title='bbox 1449 1687 1680 1737; x_wconf 90' lang='lat' dir='ltr'>Dunfres</span> <span class='ocrx_word' id='word_1_143' title='bbox 1701 1706 1718 1736; x_wconf 78' lang='lat' dir='ltr'><em>t</em></span> <span class='ocrx_word' id='word_1_144' title='bbox 1737 1687 1870 1736; x_wconf 77' lang='lat' dir='ltr'>saluz</span> <span class='ocrx_word' id='word_1_145' title='bbox 1892 1716 1904 1727; x_wconf 88' lang='lat'><strong>·</strong></span> <span class='ocrx_word' id='word_1_146' title='bbox 1961 1689 2069 1736; x_wconf 89' lang='lat' dir='ltr'>Pur</span> <span class='ocrx_word' id='word_1_147' title='bbox 2103 1704 2190 1737; x_wconf 90' lang='lat' dir='ltr'>ceo</span> <span class='ocrx_word' id='word_1_148' title='bbox 2213 1705 2276 1753; x_wconf 90' lang='lat' dir='ltr'>qe</span> <span class='ocrx_word' id='word_1_149' title='bbox 2310 1705 2438 1738; x_wconf 93' lang='lat' dir='ltr'>nous</span> 
     </span>
     <span class='ocr_line' id='line_1_14' title="bbox 509 1785 2438 1837; baseline -0.001 -1"><span class='ocrx_word' id='word_1_150' title='bbox 509 1789 671 1837; x_wconf 90' lang='lat' dir='ltr'>sumes</span> <span class='ocrx_word' id='word_1_151' title='bbox 704 1803 870 1836; x_wconf 88' lang='lat' dir='ltr'>venuz</span> <span class='ocrx_word' id='word_1_152' title='bbox 905 1788 933 1835; x_wconf 71' lang='lat' dir='ltr'>a</span> <span class='ocrx_word' id='word_1_153' title='bbox 966 1787 1014 1835; x_wconf 91' lang='lat' dir='ltr'>la</span> <span class='ocrx_word' id='word_1_154' title='bbox 1047 1787 1117 1835; x_wconf 86' lang='lat' dir='ltr'>foi</span> <span class='ocrx_word' id='word_1_155' title='bbox 1136 1805 1152 1835; x_wconf 77' lang='lat' dir='ltr'><em>t</em></span> <span class='ocrx_word' id='word_1_156' title='bbox 1170 1789 1198 1835; x_wconf 77' lang='lat' dir='ltr'>e</span> <span class='ocrx_word' id='word_1_157' title='bbox 1235 1787 1262 1834; x_wconf 72' lang='lat' dir='ltr'>a</span> <span class='ocrx_word' id='word_1_158' title='bbox 1302 1786 1350 1834; x_wconf 91' lang='lat' dir='ltr'>la</span> <span class='ocrx_word' id='word_1_159' title='bbox 1385 1786 1597 1835; x_wconf 86' lang='lat' dir='ltr'>volunte</span> <span class='ocrx_word' id='word_1_160' title='bbox 1637 1785 1709 1834; x_wconf 90' lang='lat' dir='ltr'>du</span> <span class='ocrx_word' id='word_1_161' title='bbox 1750 1785 1994 1834; x_wconf 92' lang='lat' dir='ltr'>tresnoble</span> <span class='ocrx_word' id='word_1_162' title='bbox 2017 1786 2200 1835; x_wconf 87' lang='lat' dir='ltr'>Prince</span> <span class='ocrx_word' id='word_1_163' title='bbox 2224 1788 2252 1834; x_wconf 75' lang='lat' dir='ltr'>e</span> <span class='ocrx_word' id='word_1_164' title='bbox 2275 1787 2438 1835; x_wconf 88' lang='lat' dir='ltr'>nostre</span> 
     </span>
     <span class='ocr_line' id='line_1_15' title="bbox 510 1867 2436 1951; baseline -0.001 -17"><span class='ocrx_word' id='word_1_165' title='bbox 510 1886 644 1934; x_wconf 85' lang='lat' dir='ltr'>chier</span> <span class='ocrx_word' id='word_1_166' title='bbox 687 1886 930 1951; x_wconf 87' lang='lat' dir='ltr'>Seigneur</span> <span class='ocrx_word' id='word_1_167' title='bbox 950 1903 966 1935; x_wconf 78' lang='lat' dir='ltr'><em>t</em></span> <span class='ocrx_word' id='word_1_168' title='bbox 989 1885 1095 1936; x_wconf 84' lang='lat' dir='ltr'>Sire</span> <span class='ocrx_word' id='word_1_169' title='bbox 1133 1885 1358 1934; x_wconf 89' lang='lat' dir='ltr'>Edward</span> <span class='ocrx_word' id='word_1_170' title='bbox 1394 1901 1483 1950; x_wconf 92' lang='lat' dir='ltr'>par</span> <span class='ocrx_word' id='word_1_171' title='bbox 1523 1884 1572 1932; x_wconf 91' lang='lat' dir='ltr'>la</span> <span class='ocrx_word' id='word_1_172' title='bbox 1606 1900 1751 1950; x_wconf 87' lang='lat' dir='ltr'>grace</span> <span class='ocrx_word' id='word_1_173' title='bbox 1785 1884 1927 1933; x_wconf 91' lang='lat' dir='ltr'>Dieu</span> <span class='ocrx_word' id='word_1_174' title='bbox 1944 1885 2080 1933; x_wconf 78' lang='lat' dir='ltr'>1Roi</span> <span class='ocrx_word' id='word_1_175' title='bbox 2114 1867 2399 1950; x_wconf 68' lang='lat' dir='ltr'>Dengle‘Pre</span> <span class='ocrx_word' id='word_1_176' title='bbox 2420 1903 2436 1932; x_wconf 84' lang='lat' dir='ltr'><em>l</em></span> 
     </span>
     <span class='ocr_line' id='line_1_16' title="bbox 510 1983 2435 2050; baseline -0.002 -17"><span class='ocrx_word' id='word_1_177' title='bbox 510 1985 756 2050; x_wconf 87' lang='lat' dir='ltr'>Seigneur</span> <span class='ocrx_word' id='word_1_178' title='bbox 772 1984 982 2034; x_wconf 88' lang='lat' dir='ltr'>Dirland</span> <span class='ocrx_word' id='word_1_179' title='bbox 1003 2002 1020 2032; x_wconf 77' lang='lat' dir='ltr'><strong><em>s</em></strong></span> <span class='ocrx_word' id='word_1_180' title='bbox 1036 1986 1064 2032; x_wconf 78' lang='lat' dir='ltr'>e</span> <span class='ocrx_word' id='word_1_181' title='bbox 1088 1984 1233 2032; x_wconf 88' lang='lat' dir='ltr'>Ducs</span> <span class='ocrx_word' id='word_1_182' title='bbox 1251 1983 1622 2048; x_wconf 87' lang='lat' dir='ltr'>Daquitaigne1</span> <span class='ocrx_word' id='word_1_183' title='bbox 1641 1998 1769 2031; x_wconf 90' lang='lat' dir='ltr'>nous</span> <span class='ocrx_word' id='word_1_184' title='bbox 1794 1988 2126 2047; x_wconf 84' lang='lat' dir='ltr'>promettoms</span> <span class='ocrx_word' id='word_1_185' title='bbox 2150 1999 2248 2047; x_wconf 90' lang='lat' dir='ltr'>pur</span> <span class='ocrx_word' id='word_1_186' title='bbox 2270 1999 2399 2031; x_wconf 91' lang='lat' dir='ltr'>nous</span> <span class='ocrx_word' id='word_1_187' title='bbox 2418 2001 2435 2030; x_wconf 86' lang='lat' dir='ltr'><em>l</em></span> 
     </span>
     <span class='ocr_line' id='line_1_17' title="bbox 509 2081 2436 2148; baseline -0.001 -18"><span class='ocrx_word' id='word_1_188' title='bbox 509 2085 538 2130; x_wconf 77' lang='lat' dir='ltr'>e</span> <span class='ocrx_word' id='word_1_189' title='bbox 560 2099 659 2148; x_wconf 87' lang='lat' dir='ltr'>pur</span> <span class='ocrx_word' id='word_1_190' title='bbox 680 2098 770 2132; x_wconf 90' lang='lat' dir='ltr'>nos</span> <span class='ocrx_word' id='word_1_191' title='bbox 793 2082 923 2131; x_wconf 90' lang='lat' dir='ltr'>heirs</span> <span class='ocrx_word' id='word_1_192' title='bbox 942 2100 959 2130; x_wconf 84' lang='lat' dir='ltr'><em>l</em></span> <span class='ocrx_word' id='word_1_193' title='bbox 978 2083 1059 2134; x_wconf 90' lang='lat' dir='ltr'>sur</span> <span class='ocrx_word' id='word_1_194' title='bbox 1080 2082 1229 2147; x_wconf 90' lang='lat' dir='ltr'>peine</span> <span class='ocrx_word' id='word_1_195' title='bbox 1253 2082 1316 2130; x_wconf 88' lang='lat' dir='ltr'>de</span> <span class='ocrx_word' id='word_1_196' title='bbox 1350 2097 1456 2130; x_wconf 91' lang='lat' dir='ltr'>cors</span> <span class='ocrx_word' id='word_1_197' title='bbox 1480 2083 1508 2129; x_wconf 79' lang='lat' dir='ltr'>e</span> <span class='ocrx_word' id='word_1_198' title='bbox 1532 2081 1707 2129; x_wconf 88' lang='lat' dir='ltr'>dauoir</span> <span class='ocrx_word' id='word_1_199' title='bbox 1733 2097 1744 2130; x_wconf 90' lang='lat'><em>1</em></span> <span class='ocrx_word' id='word_1_200' title='bbox 1767 2082 1794 2128; x_wconf 76' lang='lat' dir='ltr'>e</span> <span class='ocrx_word' id='word_1_201' title='bbox 1816 2081 1899 2128; x_wconf 89' lang='lat' dir='ltr'>sur</span> <span class='ocrx_word' id='word_1_202' title='bbox 1921 2082 2036 2146; x_wconf 59' lang='lat' dir='ltr'>qaent</span> <span class='ocrx_word' id='word_1_203' title='bbox 2060 2097 2124 2146; x_wconf 91' lang='lat' dir='ltr'>qe</span> <span class='ocrx_word' id='word_1_204' title='bbox 2145 2097 2273 2129; x_wconf 91' lang='lat' dir='ltr'>nous</span> <span class='ocrx_word' id='word_1_205' title='bbox 2297 2082 2436 2145; x_wconf 88' lang='lat' dir='ltr'>peus-</span> 
     </span>
     <span class='ocr_line' id='line_1_18' title="bbox 506 2178 2435 2246; baseline -0.002 -17"><span class='ocrx_word' id='word_1_206' title='bbox 506 2181 634 2229; x_wconf 89' lang='lat' dir='ltr'>soms</span> <span class='ocrx_word' id='word_1_207' title='bbox 674 2196 921 2231; x_wconf 80' lang='lat' dir='ltr'>encourel</span> <span class='ocrx_word' id='word_1_208' title='bbox 941 2197 1005 2246; x_wconf 88' lang='lat' dir='ltr'>qe</span> <span class='ocrx_word' id='word_1_209' title='bbox 1043 2196 1170 2229; x_wconf 88' lang='lat' dir='ltr'>nous</span> <span class='ocrx_word' id='word_1_210' title='bbox 1203 2180 1254 2246; x_wconf 68' lang='lat' dir='ltr'>ly</span> <span class='ocrx_word' id='word_1_211' title='bbox 1285 2179 1548 2228; x_wconf 91' lang='lat' dir='ltr'>seruiroms</span> <span class='ocrx_word' id='word_1_212' title='bbox 1588 2178 1705 2227; x_wconf 91' lang='lat' dir='ltr'>bien</span> <span class='ocrx_word' id='word_1_213' title='bbox 1739 2180 1767 2226; x_wconf 78' lang='lat' dir='ltr'>e</span> <span class='ocrx_word' id='word_1_214' title='bbox 1802 2178 2064 2226; x_wconf 85' lang='lat' dir='ltr'>leaument</span> <span class='ocrx_word' id='word_1_215' title='bbox 2098 2184 2270 2226; x_wconf 84' lang='lat' dir='ltr'>contre</span> <span class='ocrx_word' id='word_1_216' title='bbox 2307 2185 2435 2226; x_wconf 88' lang='lat' dir='ltr'>totes</span> 
     </span>
     <span class='ocr_line' id='line_1_19' title="bbox 506 2276 2434 2344; baseline -0.002 -17"><span class='ocrx_word' id='word_1_217' title='bbox 506 2284 661 2344; x_wconf 84' lang='lat' dir='ltr'>gentz</span> <span class='ocrx_word' id='word_1_218' title='bbox 685 2279 777 2343; x_wconf 92' lang='lat' dir='ltr'>qui</span> <span class='ocrx_word' id='word_1_219' title='bbox 798 2283 1011 2343; x_wconf 89' lang='lat' dir='ltr'>purront</span> <span class='ocrx_word' id='word_1_220' title='bbox 1035 2278 1179 2327; x_wconf 90' lang='lat' dir='ltr'>viure</span> <span class='ocrx_word' id='word_1_221' title='bbox 1201 2278 1229 2325; x_wconf 74' lang='grc' dir='ltr'>ἑ</span> <span class='ocrx_word' id='word_1_222' title='bbox 1252 2278 1407 2325; x_wconf 90' lang='lat' dir='ltr'>morir</span> <span class='ocrx_word' id='word_1_223' title='bbox 1430 2282 1561 2325; x_wconf 80' lang='lat' dir='ltr'>totes</span> <span class='ocrx_word' id='word_1_224' title='bbox 1583 2276 1654 2324; x_wconf 92' lang='lat' dir='ltr'>les</span> <span class='ocrx_word' id='word_1_225' title='bbox 1676 2276 1776 2324; x_wconf 86' lang='lat' dir='ltr'>foiz</span> <span class='ocrx_word' id='word_1_226' title='bbox 1801 2292 1865 2341; x_wconf 89' lang='lat' dir='ltr'>qe</span> <span class='ocrx_word' id='word_1_227' title='bbox 1888 2291 2016 2324; x_wconf 92' lang='lat' dir='ltr'>nous</span> <span class='ocrx_word' id='word_1_228' title='bbox 2039 2276 2244 2324; x_wconf 90' lang='lat' dir='ltr'>serroms</span> <span class='ocrx_word' id='word_1_229' title='bbox 2269 2278 2434 2341; x_wconf 86' lang='lat' dir='ltr'>requis</span> 
     </span>
     <span class='ocr_line' id='line_1_20' title="bbox 506 2352 2435 2447; baseline -0.002 -21"><span class='ocrx_word' id='word_1_230' title='bbox 506 2394 574 2426; x_wconf 89' lang='lat' dir='ltr'>ou</span> <span class='ocrx_word' id='word_1_231' title='bbox 597 2377 769 2443; x_wconf 89' lang='lat' dir='ltr'>garniz</span> <span class='ocrx_word' id='word_1_232' title='bbox 795 2377 858 2426; x_wconf 90' lang='lat' dir='ltr'>de</span> <span class='ocrx_word' id='word_1_233' title='bbox 881 2393 972 2442; x_wconf 88' lang='lat' dir='ltr'>par</span> <span class='ocrx_word' id='word_1_234' title='bbox 994 2352 1156 2424; x_wconf 87' lang='lat' dir='ltr'>nostre</span> <span class='ocrx_word' id='word_1_235' title='bbox 1183 2376 1427 2441; x_wconf 86' lang='lat' dir='ltr'>Seigneur</span> <span class='ocrx_word' id='word_1_236' title='bbox 1459 2375 1507 2423; x_wconf 91' lang='lat' dir='ltr'>le</span> <span class='ocrx_word' id='word_1_237' title='bbox 1530 2375 1634 2447; x_wconf 88' lang='lat' dir='ltr'>Roi</span> <span class='ocrx_word' id='word_1_238' title='bbox 1658 2356 1942 2440; x_wconf 67' lang='lat' dir='ltr'>DenglePre</span> <span class='ocrx_word' id='word_1_239' title='bbox 1964 2375 2195 2423; x_wconf 85' lang='lat' dir='ltr'>auantdit</span> <span class='ocrx_word' id='word_1_240' title='bbox 2212 2392 2228 2422; x_wconf 84' lang='lat' dir='ltr'><em>l</em></span> <span class='ocrx_word' id='word_1_241' title='bbox 2249 2392 2316 2423; x_wconf 95' lang='lat' dir='ltr'>ou</span> <span class='ocrx_word' id='word_1_242' title='bbox 2349 2392 2435 2439; x_wconf 86' lang='lat' dir='ltr'>par</span> 
     </span>
     <span class='ocr_line' id='line_1_21' title="bbox 505 2473 2430 2539; baseline -0.002 -16"><span class='ocrx_word' id='word_1_243' title='bbox 505 2477 574 2523; x_wconf 89' lang='lat' dir='ltr'>ses</span> <span class='ocrx_word' id='word_1_244' title='bbox 598 2475 728 2524; x_wconf 90' lang='lat' dir='ltr'>heirs</span> <span class='ocrx_word' id='word_1_245' title='bbox 750 2492 762 2525; x_wconf 83' lang='lat' dir='ltr'><em>l</em></span> <span class='ocrx_word' id='word_1_246' title='bbox 783 2475 832 2523; x_wconf 92' lang='grc' dir='ltr'>Ε</span> <span class='ocrx_word' id='word_1_247' title='bbox 867 2491 931 2539; x_wconf 92' lang='lat' dir='ltr'>qe</span> <span class='ocrx_word' id='word_1_248' title='bbox 964 2490 1092 2523; x_wconf 90' lang='lat' dir='ltr'>nous</span> <span class='ocrx_word' id='word_1_249' title='bbox 1125 2474 1235 2523; x_wconf 91' lang='lat' dir='ltr'>leur</span> <span class='ocrx_word' id='word_1_250' title='bbox 1268 2474 1481 2539; x_wconf 85' lang='lat' dir='ltr'>damage</span> <span class='ocrx_word' id='word_1_251' title='bbox 1513 2489 1578 2522; x_wconf 91' lang='lat' dir='ltr'>ne</span> <span class='ocrx_word' id='word_1_252' title='bbox 1610 2473 1829 2522; x_wconf 90' lang='lat' dir='ltr'>sauroms</span> <span class='ocrx_word' id='word_1_253' title='bbox 1851 2490 1863 2522; x_wconf 88' lang='lat'><em>1</em></span> <span class='ocrx_word' id='word_1_254' title='bbox 1885 2489 1949 2538; x_wconf 87' lang='lat' dir='ltr'>qe</span> <span class='ocrx_word' id='word_1_255' title='bbox 1982 2489 2110 2521; x_wconf 91' lang='lat' dir='ltr'>nous</span> <span class='ocrx_word' id='word_1_256' title='bbox 2145 2473 2227 2521; x_wconf 93' lang='lat' dir='ltr'>nel</span> <span class='ocrx_word' id='word_1_257' title='bbox 2251 2473 2430 2521; x_wconf 89' lang='lat' dir='ltr'>destor-</span> 
     </span>
     <span class='ocr_line' id='line_1_22' title="bbox 506 2571 2431 2637; baseline -0.002 -16"><span class='ocrx_word' id='word_1_258' title='bbox 506 2574 678 2621; x_wconf 89' lang='lat' dir='ltr'>beoms</span> <span class='ocrx_word' id='word_1_259' title='bbox 700 2574 727 2620; x_wconf 72' lang='lat' dir='ltr'>a</span> <span class='ocrx_word' id='word_1_260' title='bbox 751 2578 830 2621; x_wconf 84' lang='lat' dir='ltr'>tot</span> <span class='ocrx_word' id='word_1_261' title='bbox 849 2576 940 2622; x_wconf 70' lang='lat' dir='ltr'>nfe</span> <span class='ocrx_word' id='word_1_262' title='bbox 962 2589 1082 2637; x_wconf 90' lang='lat' dir='ltr'>poer</span> <span class='ocrx_word' id='word_1_263' title='bbox 1103 2591 1119 2621; x_wconf 80' lang='lat' dir='ltr'><em>t</em></span> <span class='ocrx_word' id='word_1_264' title='bbox 1137 2575 1165 2621; x_wconf 76' lang='lat' dir='ltr'>e</span> <span class='ocrx_word' id='word_1_265' title='bbox 1199 2572 1246 2620; x_wconf 90' lang='lat' dir='ltr'>le</span> <span class='ocrx_word' id='word_1_266' title='bbox 1279 2572 1389 2621; x_wconf 90' lang='lat' dir='ltr'>leur</span> <span class='ocrx_word' id='word_1_267' title='bbox 1422 2571 1635 2620; x_wconf 88' lang='lat' dir='ltr'>faceoms</span> <span class='ocrx_word' id='word_1_268' title='bbox 1659 2572 1686 2619; x_wconf 75' lang='lat' dir='ltr'>a</span> <span class='ocrx_word' id='word_1_269' title='bbox 1708 2571 1868 2620; x_wconf 89' lang='lat' dir='ltr'>sauoir</span> <span class='ocrx_word' id='word_1_270' title='bbox 1885 2600 1896 2611; x_wconf 92' lang='lat'><strong>·</strong></span> <span class='ocrx_word' id='word_1_271' title='bbox 1956 2571 2004 2619; x_wconf 92' lang='lat' dir='ltr'><strong>E</strong></span> <span class='ocrx_word' id='word_1_272' title='bbox 2028 2571 2055 2618; x_wconf 77' lang='grc' dir='ltr'>ἔι</span> <span class='ocrx_word' id='word_1_273' title='bbox 2079 2571 2227 2619; x_wconf 87' lang='lat' dir='ltr'>cestes</span> <span class='ocrx_word' id='word_1_274' title='bbox 2270 2571 2431 2619; x_wconf 84' lang='lat' dir='ltr'>choses</span> 
     </span>
     <span class='ocr_line' id='line_1_23' title="bbox 507 2667 2429 2736; baseline -0.002 -18"><span class='ocrx_word' id='word_1_275' title='bbox 507 2672 636 2719; x_wconf 90' lang='lat' dir='ltr'>tenir</span> <span class='ocrx_word' id='word_1_276' title='bbox 659 2672 687 2718; x_wconf 78' lang='grc' dir='ltr'><em>έ</em></span> <span class='ocrx_word' id='word_1_277' title='bbox 710 2671 888 2736; x_wconf 87' lang='lat' dir='ltr'>garder</span> <span class='ocrx_word' id='word_1_278' title='bbox 904 2687 921 2718; x_wconf 83' lang='lat' dir='ltr'><em>l</em></span> <span class='ocrx_word' id='word_1_279' title='bbox 937 2686 1064 2719; x_wconf 93' lang='lat' dir='ltr'>nous</span> <span class='ocrx_word' id='word_1_280' title='bbox 1088 2669 1365 2734; x_wconf 86' lang='lat' dir='ltr'>obligeoms</span> <span class='ocrx_word' id='word_1_281' title='bbox 1400 2685 1527 2718; x_wconf 93' lang='lat' dir='ltr'>nous</span> <span class='ocrx_word' id='word_1_282' title='bbox 1551 2671 1579 2718; x_wconf 79' lang='grc' dir='ltr'>ό</span> <span class='ocrx_word' id='word_1_283' title='bbox 1604 2685 1694 2717; x_wconf 91' lang='lat' dir='ltr'>nos</span> <span class='ocrx_word' id='word_1_284' title='bbox 1718 2668 1848 2717; x_wconf 89' lang='lat' dir='ltr'>heirs</span> <span class='ocrx_word' id='word_1_285' title='bbox 1868 2685 1886 2716; x_wconf 83' lang='lat' dir='ltr'><em>l</em></span> <span class='ocrx_word' id='word_1_286' title='bbox 1902 2670 1929 2716; x_wconf 76' lang='lat' dir='ltr'>e</span> <span class='ocrx_word' id='word_1_287' title='bbox 1954 2674 2073 2716; x_wconf 87' lang='lat' dir='ltr'>touz</span> <span class='ocrx_word' id='word_1_288' title='bbox 2097 2683 2187 2715; x_wconf 92' lang='lat' dir='ltr'>nos</span> <span class='ocrx_word' id='word_1_289' title='bbox 2210 2667 2348 2715; x_wconf 91' lang='lat' dir='ltr'>biens</span> <span class='ocrx_word' id='word_1_290' title='bbox 2370 2686 2386 2715; x_wconf 86' lang='lat' dir='ltr'><em>l</em></span> <span class='ocrx_word' id='word_1_291' title='bbox 2402 2670 2429 2714; x_wconf 80' lang='lat' dir='ltr'>e</span> 
     </span>
     <span class='ocr_line' id='line_1_24' title="bbox 505 2766 2424 2833; baseline -0.003 -15"><span class='ocrx_word' id='word_1_292' title='bbox 505 2776 651 2818; x_wconf 89' lang='lat' dir='ltr'>outre</span> <span class='ocrx_word' id='word_1_293' title='bbox 673 2785 760 2818; x_wconf 91' lang='lat' dir='ltr'>ceo</span> <span class='ocrx_word' id='word_1_294' title='bbox 783 2780 959 2818; x_wconf 90' lang='lat' dir='ltr'>auoms</span> <span class='ocrx_word' id='word_1_295' title='bbox 974 2768 1117 2833; x_wconf 89' lang='lat' dir='ltr'>jurez</span> <span class='ocrx_word' id='word_1_296' title='bbox 1142 2768 1223 2816; x_wconf 90' lang='lat' dir='ltr'>sur</span> <span class='ocrx_word' id='word_1_297' title='bbox 1249 2768 1441 2817; x_wconf 88' lang='lat' dir='ltr'>Seintes</span> <span class='ocrx_word' id='word_1_298' title='bbox 1465 2766 1758 2833; x_wconf 59' lang='lat' dir='ltr'>Eu‘fngeiles</span> <span class='ocrx_word' id='word_1_299' title='bbox 1781 2794 1791 2806; x_wconf 89' lang='lat'><strong>·</strong></span> <span class='ocrx_word' id='word_1_300' title='bbox 1841 2766 1984 2814; x_wconf 89' lang='lat' dir='ltr'>Estre</span> <span class='ocrx_word' id='word_1_301' title='bbox 2013 2781 2099 2814; x_wconf 91' lang='lat' dir='ltr'>ceo</span> <span class='ocrx_word' id='word_1_302' title='bbox 2122 2781 2248 2813; x_wconf 91' lang='lat' dir='ltr'>nous</span> <span class='ocrx_word' id='word_1_303' title='bbox 2273 2772 2389 2813; x_wconf 89' lang='lat' dir='ltr'>touz</span> <span class='ocrx_word' id='word_1_304' title='bbox 2414 2784 2424 2813; x_wconf 83' lang='lat' dir='ltr'><em>l</em></span> 
     </span>
     <span class='ocr_line' id='line_1_25' title="bbox 504 2862 2428 2932; baseline -0.004 -15"><span class='ocrx_word' id='word_1_305' title='bbox 504 2871 531 2917; x_wconf 82' lang='grc' dir='ltr'><em>έ</em></span> <span class='ocrx_word' id='word_1_306' title='bbox 555 2868 765 2917; x_wconf 87' lang='lat' dir='ltr'>chescun</span> <span class='ocrx_word' id='word_1_307' title='bbox 789 2867 853 2916; x_wconf 87' lang='lat' dir='ltr'>de</span> <span class='ocrx_word' id='word_1_308' title='bbox 874 2882 1002 2916; x_wconf 89' lang='lat' dir='ltr'>nous</span> <span class='ocrx_word' id='word_1_309' title='bbox 1025 2883 1113 2932; x_wconf 90' lang='lat' dir='ltr'>par</span> <span class='ocrx_word' id='word_1_310' title='bbox 1135 2867 1203 2915; x_wconf 88' lang='lat' dir='ltr'>soi</span> <span class='ocrx_word' id='word_1_311' title='bbox 1226 2882 1401 2915; x_wconf 90' lang='lat' dir='ltr'>auoms</span> <span class='ocrx_word' id='word_1_312' title='bbox 1424 2866 1520 2914; x_wconf 87' lang='lat' dir='ltr'>fait</span> <span class='ocrx_word' id='word_1_313' title='bbox 1542 2866 1708 2914; x_wconf 85' lang='lat' dir='ltr'>feaute</span> <span class='ocrx_word' id='word_1_314' title='bbox 1731 2865 1758 2912; x_wconf 72' lang='lat' dir='ltr'>a</span> <span class='ocrx_word' id='word_1_315' title='bbox 1782 2864 1944 2912; x_wconf 88' lang='lat' dir='ltr'>nostre</span> <span class='ocrx_word' id='word_1_316' title='bbox 1980 2863 2226 2928; x_wconf 87' lang='lat' dir='ltr'>Seigneur</span> <span class='ocrx_word' id='word_1_317' title='bbox 2255 2862 2302 2911; x_wconf 91' lang='lat' dir='ltr'>le</span> <span class='ocrx_word' id='word_1_318' title='bbox 2326 2863 2428 2911; x_wconf 90' lang='lat' dir='ltr'>Roi</span> 
     </span>
     <span class='ocr_line' id='line_1_26' title="bbox 503 2961 2426 3030; baseline -0.004 -14"><span class='ocrx_word' id='word_1_319' title='bbox 503 2967 737 3017; x_wconf 84' lang='lat' dir='ltr'>auantdit</span> <span class='ocrx_word' id='word_1_320' title='bbox 759 2982 820 3016; x_wconf 89' lang='lat' dir='ltr'>en</span> <span class='ocrx_word' id='word_1_321' title='bbox 846 2965 996 3015; x_wconf 86' lang='lat' dir='ltr'>cestes</span> <span class='ocrx_word' id='word_1_322' title='bbox 1018 2964 1210 3030; x_wconf 87' lang='lat' dir='ltr'>paroles</span> <span class='ocrx_word' id='word_1_323' title='bbox 1232 2993 1243 3005; x_wconf 92' lang='lat'><strong>·</strong></span> <span class='ocrx_word' id='word_1_324' title='bbox 1281 2964 1317 3014; x_wconf 93' lang='lat' dir='ltr'><strong>J</strong></span> <span class='ocrx_word' id='word_1_325' title='bbox 1318 2980 1377 3013; x_wconf 89' lang='lat' dir='ltr'>eo</span> <span class='ocrx_word' id='word_1_326' title='bbox 1398 2964 1544 3013; x_wconf 86' lang='lat' dir='ltr'>serrai</span> <span class='ocrx_word' id='word_1_327' title='bbox 1566 2963 1662 3012; x_wconf 83' lang='lat' dir='ltr'>feal</span> <span class='ocrx_word' id='word_1_328' title='bbox 1685 2965 1713 3012; x_wconf 80' lang='grc' dir='ltr'><em>έ</em></span> <span class='ocrx_word' id='word_1_329' title='bbox 1735 2962 1864 3011; x_wconf 76' lang='lat' dir='ltr'>leals</span> <span class='ocrx_word' id='word_1_330' title='bbox 1884 2964 1912 3010; x_wconf 77' lang='lat' dir='ltr'>e</span> <span class='ocrx_word' id='word_1_331' title='bbox 1945 2961 2019 3010; x_wconf 87' lang='lat' dir='ltr'>foi</span> <span class='ocrx_word' id='word_1_332' title='bbox 2052 2963 2079 3009; x_wconf 77' lang='grc' dir='ltr'>ό</span> <span class='ocrx_word' id='word_1_333' title='bbox 2113 2961 2277 3010; x_wconf 89' lang='lat' dir='ltr'>leaute</span> <span class='ocrx_word' id='word_1_334' title='bbox 2316 2978 2426 3026; x_wconf 86' lang='lat' dir='ltr'>por-</span> 
     </span>
     <span class='ocr_line' id='line_1_27' title="bbox 503 3047 2423 3128; baseline -0.004 -14"><span class='ocrx_word' id='word_1_335' title='bbox 503 3065 626 3114; x_wconf 88' lang='lat' dir='ltr'>terai</span> <span class='ocrx_word' id='word_1_336' title='bbox 645 3083 662 3113; x_wconf 83' lang='lat' dir='ltr'><em>l</em></span> <span class='ocrx_word' id='word_1_337' title='bbox 682 3081 747 3114; x_wconf 88' lang='lat' dir='ltr'>au</span> <span class='ocrx_word' id='word_1_338' title='bbox 771 3064 876 3115; x_wconf 84' lang='lat' dir='ltr'>Roi</span> <span class='ocrx_word' id='word_1_339' title='bbox 911 3064 1135 3113; x_wconf 89' lang='lat' dir='ltr'>Edward</span> <span class='ocrx_word' id='word_1_340' title='bbox 1167 3063 1273 3114; x_wconf 84' lang='lat' dir='ltr'>Roi</span> <span class='ocrx_word' id='word_1_341' title='bbox 1306 3047 1591 3128; x_wconf 59' lang='lat' dir='ltr'>DenglePre</span> <span class='ocrx_word' id='word_1_342' title='bbox 1616 3064 1674 3112; x_wconf 74' lang='lat' dir='ltr'>te</span> <span class='ocrx_word' id='word_1_343' title='bbox 1713 3078 1742 3109; x_wconf 89' lang='lat' dir='ltr'>a</span> <span class='ocrx_word' id='word_1_344' title='bbox 1774 3062 1845 3109; x_wconf 89' lang='lat' dir='ltr'>ses</span> <span class='ocrx_word' id='word_1_345' title='bbox 1885 3061 2014 3109; x_wconf 86' lang='lat' dir='ltr'>heirs</span> <span class='ocrx_word' id='word_1_346' title='bbox 2035 3078 2052 3108; x_wconf 78' lang='lat' dir='ltr'><em>t</em></span> <span class='ocrx_word' id='word_1_347' title='bbox 2071 3060 2135 3108; x_wconf 88' lang='lat' dir='ltr'>de</span> <span class='ocrx_word' id='word_1_348' title='bbox 2173 3060 2254 3108; x_wconf 91' lang='lat' dir='ltr'>vie</span> <span class='ocrx_word' id='word_1_349' title='bbox 2294 3061 2325 3107; x_wconf 66' lang='lat' dir='ltr'>e,</span> <span class='ocrx_word' id='word_1_350' title='bbox 2362 3059 2423 3106; x_wconf 87' lang='lat' dir='ltr'>de</span> 
     </span>
     <span class='ocr_line' id='line_1_28' title="bbox 503 3145 2422 3226; baseline -0.004 -16"><span class='ocrx_word' id='word_1_351' title='bbox 503 3162 709 3211; x_wconf 89' lang='lat' dir='ltr'>menbre</span> <span class='ocrx_word' id='word_1_352' title='bbox 731 3164 759 3213; x_wconf 78' lang='grc' dir='ltr'><em>έ</em></span> <span class='ocrx_word' id='word_1_353' title='bbox 782 3162 846 3212; x_wconf 90' lang='lat' dir='ltr'>de</span> <span class='ocrx_word' id='word_1_354' title='bbox 867 3145 1003 3212; x_wconf 59' lang='lat' dir='ltr'>Prien</span> <span class='ocrx_word' id='word_1_355' title='bbox 1025 3162 1220 3211; x_wconf 90' lang='lat' dir='ltr'>honeur</span> <span class='ocrx_word' id='word_1_356' title='bbox 1239 3179 1256 3211; x_wconf 77' lang='lat' dir='ltr'><em>t</em></span> <span class='ocrx_word' id='word_1_357' title='bbox 1277 3167 1448 3211; x_wconf 85' lang='lat' dir='ltr'>contre</span> <span class='ocrx_word' id='word_1_358' title='bbox 1470 3167 1602 3210; x_wconf 88' lang='lat' dir='ltr'>totes</span> <span class='ocrx_word' id='word_1_359' title='bbox 1635 3166 1787 3226; x_wconf 86' lang='lat' dir='ltr'>gentz</span> <span class='ocrx_word' id='word_1_360' title='bbox 1823 3160 1913 3224; x_wconf 91' lang='lat' dir='ltr'>qui</span> <span class='ocrx_word' id='word_1_361' title='bbox 1949 3163 2162 3224; x_wconf 76' lang='lat' dir='ltr'>pun-ont</span> <span class='ocrx_word' id='word_1_362' title='bbox 2183 3157 2326 3206; x_wconf 88' lang='lat' dir='ltr'>viure</span> <span class='ocrx_word' id='word_1_363' title='bbox 2355 3173 2422 3203; x_wconf 89' lang='lat' dir='ltr'>ou</span> 
     </span>
     <span class='ocr_line' id='line_1_29' title="bbox 503 3254 2421 3326; baseline -0.005 -17"><span class='ocrx_word' id='word_1_364' title='bbox 503 3258 656 3309; x_wconf 86' lang='lat' dir='ltr'>morir</span> <span class='ocrx_word' id='word_1_365' title='bbox 675 3276 692 3312; x_wconf 75' lang='grc' dir='ltr'><em>ι</em></span> <span class='ocrx_word' id='word_1_366' title='bbox 712 3260 742 3308; x_wconf 69' lang='lat' dir='ltr'>e</span> <span class='ocrx_word' id='word_1_367' title='bbox 754 3259 971 3324; x_wconf 87' lang='lat' dir='ltr'>jammes</span> <span class='ocrx_word' id='word_1_368' title='bbox 1002 3276 1102 3326; x_wconf 90' lang='lat' dir='ltr'>pur</span> <span class='ocrx_word' id='word_1_369' title='bbox 1134 3259 1258 3325; x_wconf 68' lang='lat' dir='ltr'>nuly</span> <span class='ocrx_word' id='word_1_370' title='bbox 1279 3274 1440 3309; x_wconf 84' lang='lat' dir='ltr'>armes</span> <span class='ocrx_word' id='word_1_371' title='bbox 1475 3274 1540 3307; x_wconf 88' lang='lat' dir='ltr'>ne</span> <span class='ocrx_word' id='word_1_372' title='bbox 1573 3258 1788 3323; x_wconf 87' lang='lat' dir='ltr'>porterai</span> <span class='ocrx_word' id='word_1_373' title='bbox 1822 3272 1922 3305; x_wconf 92' lang='lat' dir='ltr'>nen</span> <span class='ocrx_word' id='word_1_374' title='bbox 1961 3255 2140 3305; x_wconf 89' lang='lat' dir='ltr'>conseil</span> <span class='ocrx_word' id='word_1_375' title='bbox 2179 3270 2277 3302; x_wconf 87' lang='lat' dir='ltr'>nen</span> <span class='ocrx_word' id='word_1_376' title='bbox 2312 3254 2421 3300; x_wconf 90' lang='lat' dir='ltr'>eide</span> 
     </span>
     <span class='ocr_line' id='line_1_30' title="bbox 491 3351 2420 3430; baseline -0.007 -18"><span class='ocrx_word' id='word_1_377' title='bbox 491 3373 568 3412; x_wconf 61' lang='grc' dir='ltr'>ΒΘ</span> <span class='ocrx_word' id='word_1_378' title='bbox 600 3357 744 3411; x_wconf 72' lang='lat' dir='ltr'>setrai</span> <span class='ocrx_word' id='word_1_379' title='bbox 774 3362 948 3430; x_wconf 58' lang='lat' dir='ltr'>contre</span> <span class='ocrx_word' id='word_1_380' title='bbox 968 3356 1048 3422; x_wconf 68' lang='lat'>1571</span> <span class='ocrx_word' id='word_1_381' title='bbox 1070 3372 1135 3409; x_wconf 86' lang='lat' dir='ltr'>ne</span> <span class='ocrx_word' id='word_1_382' title='bbox 1156 3363 1329 3408; x_wconf 85' lang='lat' dir='ltr'>contre</span> <span class='ocrx_word' id='word_1_383' title='bbox 1361 3357 1433 3406; x_wconf 89' lang='lat' dir='ltr'>ses</span> <span class='ocrx_word' id='word_1_384' title='bbox 1466 3355 1597 3404; x_wconf 87' lang='lat' dir='ltr'>heirs</span> <span class='ocrx_word' id='word_1_385' title='bbox 1631 3371 1695 3404; x_wconf 91' lang='lat' dir='ltr'>en</span> <span class='ocrx_word' id='word_1_386' title='bbox 1735 3353 1826 3403; x_wconf 89' lang='lat' dir='ltr'>nul</span> <span class='ocrx_word' id='word_1_387' title='bbox 1863 3369 1942 3403; x_wconf 86' lang='lat' dir='ltr'>cas</span> <span class='ocrx_word' id='word_1_388' title='bbox 1965 3369 2028 3417; x_wconf 89' lang='lat' dir='ltr'>qe</span> <span class='ocrx_word' id='word_1_389' title='bbox 2059 3359 2178 3418; x_wconf 87' lang='lat' dir='ltr'>poet</span> <span class='ocrx_word' id='word_1_390' title='bbox 2210 3351 2383 3400; x_wconf 88' lang='lat' dir='ltr'>auenir</span> <span class='ocrx_word' id='word_1_391' title='bbox 2403 3369 2420 3398; x_wconf 83' lang='lat' dir='ltr'><em>l</em></span> 
     </span>
    </p>
   </div>
  </div>
 </body>
</html>
