3048 3978
1547 440 1648 495 136

637 606 889 641 receuoms
912 588 998 640 des
1019 571 1120 640 ‘Pres
1144 590 1307 641 dount
1322 607 1449 641 vous
1467 591 1589 641 estes
1605 606 1690 641 ore
1711 591 1828 658 seisy
1846 609 1863 640 t
1882 586 2048 641 Sauue
2069 595 2160 640 nfe
2182 590 2312 640 dreit
2334 586 2516 642 6'au'tri
2530 616 2546 638 ι

636 701 663 738 e
677 689 782 738 -fors
803 689 904 755 pris
925 688 996 738 les
1018 672 1122 739 pres
1143 707 1160 738 l
1177 689 1248 739 les
1271 690 1441 756 queles
1473 691 1510 740 J
1511 689 1641 739 ohan
1672 689 1735 738 de
1758 689 1936 739 Baillol
1972 690 2063 755 qui
2079 689 2178 739 'fut
2199 689 2304 739 Roi
2329 684 2550 740 Descoce

635 803 760 837 vous
784 787 914 836 dona
936 790 1062 854 puys
1085 804 1148 853 qe
1170 803 1298 837 nous
1319 788 1356 836 li
1389 804 1561 837 eumes
1595 787 1785 837 renduz
1820 787 1868 836 le
1891 787 2105 836 Roiame
2128 788 2349 837 Descoce
2371 804 2382 837 ι
2404 789 2432 836 6
2454 784 2554 836 fo'r4

635 886 736 950 pris
759 885 884 934 celes
907 885 1079 934 enfink
1096 903 1112 934 l
1127 885 1197 934 les
1220 886 1391 951 queles
1412 901 1540 936 nous
1562 902 1733 935 eumes
1755 885 1857 934 seifi
1881 891 2034 935 auant
2057 901 2144 934 ceo
2166 903 2229 951 qe
2253 902 2380 935 vous
2402 885 2552 937 fuffez

635 999 800 1032 venuz
836 983 863 1031 ἔι
896 983 944 1031 la
966 984 1082 1048 p66s
1102 1011 1113 1023 ·
1167 984 1313 1032 Estre
1349 1000 1437 1033 ceo
1472 999 1601 1032 nous
1641 989 1760 1032 touz
1797 986 1825 1032 6
1860 983 2070 1033 chescun
2104 983 2168 1031 de
2200 999 2329 1032 nous
2362 999 2451 1047 par
2483 983 2552 1032 soi

635 1096 809 1130 auoms
832 1080 922 1128 fait
944 1079 1112 1129 feaute
1133 1098 1149 1128 t
1168 1097 1196 1128 a
1218 1084 1306 1129 n'fe
1323 1081 1566 1146 Seigneur
1588 1080 1635 1129 le
1658 1080 1762 1129 Roi
1785 1081 2015 1129 auantdit
2036 1098 2054 1129 l
2073 1095 2136 1128 en
2160 1080 2309 1129 cestes
2331 1079 2522 1145 paroles

634 1179 730 1227 Jeo
763 1179 905 1226 serrai
941 1177 1035 1226 feal
1075 1180 1103 1226 6
1138 1178 1232 1227 leal
1254 1196 1270 1226 t
1291 1181 1318 1227 6
1359 1178 1430 1226 foi
1471 1180 1498 1226 6
1533 1178 1698 1227 leaute
1731 1179 1943 1244 porterai
1977 1195 2041 1227 au
2074 1178 2178 1228 Roi
2202 1178 2423 1227 Edward
2452 1177 2555 1227 Roi

636 1257 919 1340 DenglePre
934 1293 950 1324 t
971 1277 998 1322 6
1021 1292 1049 1322 a
1071 1276 1141 1322 ses
1164 1275 1293 1322 heirs
1316 1291 1327 1323 1
1346 1275 1408 1323 de
1432 1275 1512 1323 vie
1534 1276 1563 1323 ἐ
1586 1275 1649 1323 de
1671 1275 1877 1324 menbre
1897 1278 1924 1324 6
1943 1276 2005 1323 de
2021 1257 2152 1323 Prien
2177 1275 2369 1323 honeur
2385 1280 2557 1323 contre

638 1379 767 1421 totes
797 1378 949 1437 gentz
973 1372 1062 1436 qui
1095 1376 1306 1436 purront
1329 1372 1472 1420 viure
1495 1389 1562 1420 ou
1595 1373 1749 1420 morir
1771 1390 1788 1420 l
1809 1374 1836 1420 6
1874 1372 2088 1436 jammes
2121 1389 2219 1438 pur
2251 1372 2374 1439 nuly
2395 1387 2554 1420 armes

636 1486 701 1519 ne
730 1469 943 1534 porterai
975 1484 1072 1515 nen
1110 1467 1289 1516 conseil
1326 1484 1426 1516 nen
1462 1469 1572 1516 eide
1607 1484 1673 1517 ne
1707 1469 1852 1517 serrai
1883 1475 2054 1517 contre
2088 1470 2139 1534 ly
2165 1488 2182 1517 l
2205 1486 2269 1518 ne
2293 1475 2463 1519 contre
2483 1470 2554 1518 ses

635 1567 763 1615 heirs
792 1581 853 1613 en
877 1564 968 1612 nul
1002 1581 1080 1613 cas
1104 1581 1167 1629 qe
1189 1570 1309 1629 poet
1330 1565 1503 1613 auenir
1519 1582 1537 1612 l
1560 1567 1587 1613 6
1609 1565 1866 1614 leaument
1902 1565 2199 1613 reconustrai
2221 1582 2233 1614 ι
2252 1567 2280 1613 6
2301 1566 2555 1616 leaument

636 1663 726 1711 frai
742 1680 759 1710 l
778 1662 847 1709 les
870 1661 1075 1709 seruices
1098 1678 1161 1725 qe
1184 1667 1479 1726 apartenent
1501 1677 1552 1710 as
1576 1667 1865 1710 tenementz
1889 1677 1952 1726 qe
1966 1661 2053 1725 jeo
2069 1661 2215 1709 cleim
2234 1662 2364 1709 tenir
2386 1662 2449 1710 de
2471 1663 2521 1727 ly
2542 1681 2554 1712 ι

637 1763 672 1810 fi
696 1760 837 1809 Dieu
860 1775 943 1807 me
960 1758 1070 1806 eide
1093 1760 1122 1806 6
1143 1758 1212 1806 les
1234 1758 1382 1807 seints
1402 1787 1414 1800 ·
1452 1759 1538 1807 En
1562 1759 1928 1824 tesmoignance
1951 1758 2037 1806 des
2061 1774 2222 1823 queus
2245 1758 2409 1808 choses
2431 1775 2558 1809 nous

637 1873 808 1907 auoms
843 1856 935 1903 fait
979 1855 1102 1904 faire
1136 1855 1284 1904 cestes
1320 1855 1489 1904 lettres
1527 1861 1725 1905 ouertes
1763 1855 1940 1905 seal66s
1980 1856 2043 1904 de
2082 1872 2173 1904 nos
2210 1856 2348 1906 seaus
2365 1886 2377 1898 ·
2436 1857 2558 1907 Dofi

639 1959 741 2022 [ᾀσ.
766 1961 820 2003 ut
840 1953 1038 2019 supra]

642 2138 780 2199 Item
831 2150 885 2198 A
908 2156 1028 2199 touz
1052 2165 1194 2198 ceaus
1217 2150 1309 2215 qui
1331 2150 1479 2199 cestes
1502 2150 1673 2200 lettres
1702 2156 1907 2200 verront
1947 2167 2016 2200 ou
2052 2157 2224 2200 orront
2243 2169 2261 2200 t
2277 2150 2472 2216 Hughe
2494 2151 2558 2200 de

639 2248 863 2296 Penicok
884 2265 895 2296 1
915 2248 1082 2313 Aleyn
1110 2248 1172 2298 de
1195 2248 1438 2297 Libertofi
1456 2267 1472 2297 l
1495 2249 1668 2298 Dauid
1696 2249 1760 2296 de
1783 2249 1986 2315 Lybtofi
2005 2267 2021 2297 t
2042 2249 2276 2298 Wautier
2298 2249 2361 2297 de
2385 2248 2557 2314 Logh-

638 2346 737 2394 dofi
758 2363 775 2393 l
794 2346 1026 2395 Randulf
1041 2347 1104 2395 de
1130 2347 1385 2412 Loghdofi
1400 2364 1418 2395 l
1440 2346 1635 2412 Hughe
1653 2346 1826 2411 Rydel
1844 2364 1861 2395 l
1881 2346 2107 2412 Gunnyd
2128 2346 2302 2395 Broun
2321 2364 2338 2394 t
2360 2334 2558 2394 Gilbert

640 2443 702 2491 de
747 2444 1058 2510 Dunmanyn
1082 2463 1099 2493 l
1125 2444 1348 2494 Edward
1397 2445 1462 2494 de
1507 2445 1764 2494 Couerto‘r‘i
1799 2462 1815 2492 l
1845 2444 1881 2493 J
1882 2444 2011 2493 ohan
2069 2444 2132 2492 de
2187 2443 2517 2509 Agdokestofi
2540 2461 2558 2492 l

637 2540 856 2590 Richard
892 2542 955 2589 de
994 2541 1126 2590 Erth
1149 2542 1413 2592 JWilliam
1448 2543 1512 2591 de
1549 2541 1890 2608 Kynemunth
1909 2559 1925 2590 t
1947 2542 2127 2607 Henry
2160 2541 2223 2590 de
2257 2541 2462 2590 Lisours
2488 2559 2506 2590 l
2529 2543 2558 2590 6

640 2638 870 2687 Willjam
909 2639 971 2687 de
1007 2639 1232 2689 Drilawe
1254 2657 1266 2690 ι
1289 2645 1495 2689 tenantz
1534 2640 1583 2688 le
1622 2640 1728 2689 Roi
1767 2640 1840 2688 du
1875 2640 2058 2689 Comte
2091 2639 2155 2687 de
2177 2639 2521 2705 Edeneburgh
2540 2657 2559 2688 l

640 2736 798 2802 Helys
836 2737 883 2786 le
921 2738 1101 2786 Porter
1138 2738 1202 2786 de
1241 2739 1432 2804 Rugan
1452 2761 1468 2786 l
1490 2741 1517 2787 6
1552 2738 1744 2804 Rogier
1775 2737 1826 2786 le
1859 2738 1923 2786 fiz
1948 2737 2175 2787 Richard
2201 2738 2265 2786 de
2288 2737 2522 2804 Cadrogh
2543 2755 2560 2785 ι

640 2838 844 2882 tenantz
882 2834 930 2883 le
952 2835 1055 2884 Roi
1094 2836 1165 2885 du
1189 2836 1391 2886 Counte
1425 2836 1489 2886 de
1521 2835 1728 2885 Lanark
1749 2854 1766 2884 t
1785 2835 2010 2886 Richard
2048 2833 2240 2884 Foffart
2255 2853 2274 2884 l
2293 2835 2356 2884 de
2376 2834 2562 2884 Jedde-

642 2930 832 2979 worth1
856 2933 883 2978 6
906 2932 1107 2997 Reyner
1142 2934 1205 2982 de
1230 2934 1414 2984 Clonas
1437 2934 1698 2984 Lombard
1732 2939 1938 2983 tenantz
1974 2932 2022 2981 le
2044 2932 2148 2982 Roi
2179 2931 2251 2980 du
2273 2931 2475 2982 Counte
2497 2932 2562 2981 de

642 3026 975 3092 Rokesburgh
997 3046 1008 3078 ι
1032 3030 1270 3080 William
1287 3033 1370 3081 On
1389 3032 1476 3082 the
1491 3033 1626 3083 Hull
1644 3050 1656 3083 ι
1677 3032 1899 3082 Thomas
1921 3031 1985 3080 de
2009 3029 2221 3080 Karibre
2240 3046 2258 3078 ι
2277 3029 2458 3095 Henry
2480 3029 2563 3078 del

643 3123 777 3171 Wro
799 3140 812 3172 l
834 3125 1025 3173 Michel
1062 3126 1110 3174 le
1147 3128 1394 3178 Lardiner
1410 3149 1427 3179 l
1442 3130 1594 3181 Nicol
1618 3129 1847 3195 Sexjaunt
1883 3129 1947 3178 de
1970 3126 2205 3177 Linlescu
2222 3144 2240 3176 l
2256 3126 2476 3193 Phelipp
2499 3127 2564 3177 de

643 3221 832 3287 Abnyd
851 3238 869 3270 l
886 3221 1074 3271 Gilbert
1098 3223 1160 3272 de
1177 3225 1477 3294 Hildeclyve
1496 3247 1513 3278 l
1530 3227 1766 3278 William
1790 3226 1854 3276 de
1877 3224 2207 3277 Kenemunth
2227 3240 2240 3275 ι
2258 3224 2492 3274 William
2518 3224 2567 3273 le

641 3318 706 3367 fiz
731 3318 933 3370 Arnald
951 3338 968 3370 t
990 3321 1203 3373 Andreu
1227 3323 1291 3372 de
1315 3324 1524 3376 Crostofi
1544 3343 1556 3378 1
1579 3325 1754 3378 Adam
1786 3324 1850 3374 de
1879 3323 2186 3375 Whitebur‘fi
2207 3340 2224 3373 ι
2244 3322 2481 3374 Gilchrist
2503 3321 2568 3373 de
