3048 3978
1543 395 1640 445 126

644 543 861 591 Thomas
895 541 959 590 de
990 541 1038 590 la
1073 541 1483 592 Tour1Richard
1515 541 1580 590 de
1611 540 1916 608 Warewykt
1939 540 2140 591 Gilcrist
2175 541 2324 591 More
2338 559 2357 591 J
2371 542 2547 609 Huw'e

644 640 706 688 de
745 639 967 688 Kelihou
992 657 1010 688 t
1036 638 1287 706 Godefrey
1333 639 1396 688 de
1427 639 1696 688 Ardrofl'an
1725 656 1737 688 ι
1766 639 1962 704 Fergus
2007 638 2299 689 Fostresone
2323 656 2341 688 t
2365 640 2551 691 Mem-e

643 737 842 786 Gilbert
874 737 938 785 de
971 737 1271 802 Templetoi‘i
1291 759 1307 785 ι
1325 737 1556 786 William
1593 738 1752 786 Kerre
1771 754 1782 786 ι
1801 737 1993 786 Βοῦθῐῗ
2027 737 2090 785 de
2125 737 2266 786 Rost
2286 736 2454 787 Johan
2485 736 2550 786 de

641 836 783 884 Paris
804 852 815 885 ι
836 835 1099 884 Douenald
1141 835 1246 884 fiuz
1293 835 1488 885 Gilber?
1507 854 1524 883 l
1543 834 1721 884 Pau-ik
1764 835 1826 883 de
1872 835 2161 900 Comenagh
2183 852 2201 883 l
2220 835 2440 884 Thomas
2485 835 2549 884 de

643 933 893 998 Gelghagi
911 951 928 981 t
949 934 1135 982 Mestre
1168 933 1296 982 Neel
1336 933 1545 982 Cambel
1563 950 1574 982 ι
1593 933 1765 982 Adam
1800 933 1847 982 le
1869 933 2092 983 Taillour
2114 933 2177 982 de
2200 933 2510 999 Coningh‘m
2529 951 2545 981 l

644 1030 848 1095 Ingram
873 1030 936 1078 de
959 1030 1318 1080 Umframuille
1350 1030 1432 1079 del
1466 1031 1667 1080 Counte
1700 1031 1763 1079 de
1795 1032 1905 1080 Are
1927 1030 2121 1079 'Johan
2155 1031 2219 1079 de
2243 1030 2510 1096 Glennysk
2529 1048 2546 1079 Ι

636 1128 903 1194 ἱΙΝῙοιἙζιΗῚΕῘ
926 1128 989 1175 de
1014 1128 1277 1177 Glennesk
1298 1146 1309 1178 ι
1329 1128 1506 1178 Pauik
1529 1129 1592 1177 de
1614 1128 1875 1194 Oggeluifl
1891 1146 1908 1176 l
1926 1127 2162 1178 Randulf
2193 1129 2256 1177 de
2288 1128 2510 1178 Keloure
2529 1146 2546 1176 l

640 1226 814 1274 Adam
848 1226 912 1274 de
946 1226 1435 1290 InrepeffretJohan
1469 1227 1533 1274 de
1567 1227 1751 1275 Kinros
1770 1244 1782 1275 l
1800 1226 1946 1275 Rauf
1972 1227 2035 1277 de
2067 1226 2261 1275 Dunde
2281 1226 2546 1275 1William

641 1324 704 1371 de
726 1322 953 1371 Anaund
974 1340 986 1371 l
1008 1322 1240 1371 William
1273 1323 1338 1371 de
1372 1323 1593 1389 Gourlay
1616 1324 1679 1372 de
1703 1324 1909 1390 Bagally
1929 1341 1946 1372 l
1967 1323 2268 1372 Alisaundre
2307 1324 2371 1372 de
2394 1324 2545 1372 Lam-

640 1421 813 1488 bretofi
834 1437 850 1467 l
868 1421 904 1468 J
906 1419 1035 1466 ohan
1075 1419 1340 1467 Haunsard
1368 1437 1379 1468 ι
1406 1420 1599 1468 Rober?
1632 1421 1695 1468 de
1728 1422 1929 1486 Betuyn
1951 1439 1968 1469 l
1987 1422 2105 1470 Eue
2137 1422 2200 1470 de
2240 1422 2450 1487 Anegos
2477 1439 2492 1469 l
2518 1424 2546 1469 6

640 1517 815 1566 Dauid
854 1516 917 1563 de
957 1516 1179 1580 Breghin
1204 1534 1221 1564 l
1247 1515 1329 1563 del
1364 1516 1564 1564 Counte
1609 1517 1673 1564 de
1718 1515 1922 1565 Forfare
1944 1534 1956 1566 l
1983 1535 2012 1566 e
2056 1519 2092 1566 J
2094 1518 2224 1566 ohan
2269 1520 2444 1585 Bruyn
2483 1520 2547 1567 de

636 1614 852 1678 Eghelin
875 1630 886 1662 ι
909 1613 990 1661 del
1013 1613 1215 1661 Counte
1238 1613 1301 1661 de
1325 1612 1590 1661 Linlescou
1615 1614 1681 1662 ι]
1682 1612 1810 1661 ohan
1847 1614 1911 1661 de
1944 1613 2208 1662 Ormestofi
2231 1631 2242 1663 ι
2264 1615 2460 1664 Robert
2482 1617 2547 1664 de

638 1710 917 1759 VVodeford
936 1729 951 1759 t
969 1710 1136 1759 Johan
1174 1710 1319 1759 Lock
1345 1710 1612 1759 JWilliam
1645 1710 1708 1758 de
1742 1711 1992 1760 Boseuiflt
2014 1711 2181 1760 Johan
2223 1712 2542 1762 Normaunta

634 1810 847 1858 Andreu
881 1808 1013 1856 dela
1036 1808 1323 1856 Garderobe
1345 1826 1362 1856 l
1379 1808 1553 1857 Adam
1587 1808 1650 1856 de
1686 1807 2000 1873 Maxpofflet
2018 1808 2241 1858 William
2275 1809 2339 1858 de
2373 1809 2546 1859 Heffe-

631 1908 746 1955 west
766 1924 775 1954 l
797 1908 961 1955 Hewe
981 1906 1112 1955 Heir
1128 1924 1145 1954 t
1166 1905 1398 1970 Symund
1415 1906 1478 1953 de
1502 1906 1758 1955 Creffeuifl
1773 1924 1789 1954 t
1806 1907 1998 1956 Roberf
2016 1907 2080 1956 de
2098 1907 2326 1956 Hodolfii
2345 1925 2361 1956 t
2376 1909 2414 1958 J
2414 1908 2544 1957 ohan

627 2006 690 2053 de
714 2004 1085 2053 Grimmessawe
1108 2021 1119 2053 l
1143 2004 1447 2053 Alisaundre
1481 2005 1544 2053 de
1579 2005 1758 2054 Baiflol
1780 2007 1808 2053 6
1832 2006 2051 2054 Thomas
2085 2006 2149 2054 de
2173 2005 2403 2055 Chartres
2421 2025 2438 2055 l
2463 2007 2545 2055 del

630 2103 832 2151 Counte
856 2102 919 2150 de
941 2101 1277 2167 Rokesburgh
1299 2101 1434 2151 saluz
1452 2131 1462 2143 ·
1501 2104 1613 2151 Pur
1635 2119 1722 2152 ceo
1745 2119 1808 2168 qe
1831 2119 1959 2153 nous
1981 2105 2143 2152 sumes
2166 2119 2331 2153 venuz
2355 2105 2383 2151 ἔι
2405 2104 2453 2152 la
2474 2104 2543 2153 foi

631 2202 658 2247 6
700 2200 728 2247 a
766 2200 813 2247 la
852 2200 1060 2249 volunte
1095 2200 1166 2248 du
1201 2200 1445 2249 tresnoble
1483 2201 1668 2250 Prince
1706 2202 1734 2249 6
1768 2201 1928 2250 nostre
1968 2201 2102 2249 chier
2125 2201 2369 2267 Seigneur
2392 2219 2409 2250 ι
2438 2202 2544 2251 Sire

633 2297 851 2346 Edward
884 2315 972 2363 par
1005 2299 1052 2346 la
1088 2314 1233 2364 grace
1270 2298 1569 2348 Dieu1Roi
1613 2282 1888 2364 DenglePre
1909 2317 1926 2347 l
1954 2299 2197 2364 Seigneur
2236 2298 2454 2347 Dirland
2480 2318 2496 2348 ι
2516 2302 2543 2348 6

636 2397 781 2445 Ducs
805 2397 1152 2463 Daquitaigne
1173 2414 1189 2445 t
1213 2412 1342 2445 nous
1364 2402 1695 2462 promettoms
1728 2413 1826 2462 pur
1848 2412 1974 2446 nous
1997 2399 2026 2445 6
2049 2413 2145 2462 pur
2167 2412 2257 2445 nos
2280 2397 2409 2446 heirs
2430 2414 2446 2445 l
2464 2398 2545 2446 sur

633 2494 779 2557 peine
812 2494 874 2542 de
907 2511 1012 2543 cors
1047 2497 1075 2543 6
1111 2495 1287 2544 dauoir
1307 2513 1323 2543 l
1340 2496 1368 2543 6
1402 2496 1484 2543 sur
1522 2494 1638 2560 qaent
1673 2510 1737 2559 qe
1775 2510 1904 2543 nous
1935 2494 2182 2560 peuss'oms
2220 2510 2435 2544 encoure
2451 2511 2545 2560 tqe

633 2608 759 2640 nous
781 2592 817 2640 li
839 2594 1101 2643 seruiroms
1134 2594 1252 2642 bien
1288 2596 1316 2642 6
1356 2593 1612 2642 leaument
1652 2598 1823 2642 contre
1861 2597 1991 2642 totes
2023 2598 2176 2659 gentz
2209 2593 2301 2658 qui
2333 2600 2545 2658 purront

631 2690 773 2738 viure
795 2693 823 2739 6
846 2693 997 2740 morir
1018 2710 1033 2740 t
1053 2698 1183 2741 totes
1215 2691 1287 2740 les
1307 2692 1405 2741 foiz
1429 2707 1493 2757 qe
1515 2707 1642 2740 nous
1664 2693 1870 2740 serroms
1891 2692 2059 2757 requis
2081 2707 2147 2739 ou
2177 2691 2349 2757 garniz
2371 2690 2436 2740 de
2456 2707 2545 2756 par

632 2787 792 2836 nostre
817 2789 1060 2854 Seigneur
1081 2789 1129 2838 le
1150 2790 1256 2839 Roi
1288 2772 1574 2855 DenglePre
1602 2789 1834 2839 auantdit
1860 2806 1872 2839 ι
1899 2805 1967 2838 ou
2005 2805 2095 2855 par
2119 2788 2190 2838 ses
2211 2788 2342 2837 heirs
2367 2805 2381 2838 ι
2402 2788 2545 2853 'E'qe

631 2900 758 2933 nous
791 2885 901 2934 leur
933 2887 1143 2954 damage
1164 2903 1229 2938 ne
1251 2889 1469 2938 sauroms
1493 2910 1510 2935 ι
1535 2904 1601 2954 qe
1622 2903 1750 2937 nous
1771 2887 1855 2936 nel
1877 2886 2209 2936 destorbeoms
2230 2886 2260 2934 ἅ
2281 2890 2360 2934 tot
2380 2884 2543 2934 nostre

630 2996 750 3045 poer
776 2999 792 3030 t
817 2985 844 3031 6
867 2983 915 3031 le
948 2983 1057 3033 leur
1089 2985 1302 3035 faceoms
1335 2987 1363 3035 a
1395 2985 1557 3035 fizuoir
1574 3012 1587 3027 ·
1639 2986 1689 3035 E
1712 2986 1741 3034 a
1761 2985 1912 3035 cestes
1933 2983 2097 3033 choses
2118 2981 2250 3032 tenir
2269 2983 2299 3031 6
2319 2981 2498 3048 garder
2520 3000 2538 3031 l

629 3094 757 3128 nous
795 3079 1068 3146 obligeoms
1106 3099 1234 3132 nous
1269 3086 1298 3133 ὅ
1332 3101 1423 3134 nos
1459 3085 1590 3135 heirs
1607 3102 1624 3134 l
1639 3085 1669 3133 6
1707 3089 1830 3134 touz
1867 3095 1958 3132 nos
1989 3081 2130 3130 biens
2155 3097 2174 3129 l
2198 3082 2228 3130 6
2271 3085 2417 3129 outre
2451 3094 2540 3130 ceo

627 3191 802 3225 auoms
829 3177 973 3241 jurez
1013 3179 1095 3226 sur
1130 3179 1320 3231 Seintes
1343 3181 1639 3249 Euffigeile's
1654 3207 1669 3223 ·
1719 3180 1769 3230 E
1791 3182 1919 3246 puys
1949 3192 2078 3228 nous
2102 3184 2227 3228 touz
2246 3179 2304 3228 16
2327 3177 2539 3228 chescun

630 3274 694 3322 de
715 3283 843 3324 nous
865 3289 955 3340 par
976 3276 1057 3342 foy
1079 3292 1253 3327 auoms
1291 3277 1383 3328 fait
1422 3280 1638 3346 homage
1659 3279 1689 3329 ί
1709 3282 1802 3328 ιιῗε
1823 3277 2068 3344 Seigneur
2098 3275 2147 3325 le
2171 3275 2274 3326 Roi
2305 3275 2539 3326 auantdit
