<?xml version="1.0" encoding="UTF-8"?>
<!DOCTYPE html PUBLIC "-//W3C//DTD XHTML 1.0 Transitional//EN"
    "http://www.w3.org/TR/xhtml1/DTD/xhtml1-transitional.dtd">
<html xmlns="http://www.w3.org/1999/xhtml" xml:lang="en" lang="en">
 <head>
  <title>
</title>
<meta http-equiv="Content-Type" content="text/html;charset=utf-8" />
  <meta name='ocr-system' content='tesseract 3.04.00' />
  <meta name='ocr-capabilities' content='ocr_page ocr_carea ocr_par ocr_line ocrx_word'/>
</head>
<body>
  <div class='ocr_page' id='page_1' title='image "./instrumentapublica00thomuoft_0225.png"; bbox 0 0 3048 3978; ppageno 0'>
   <div class='ocr_carea' id='block_1_1' title="bbox 968 1153 1897 1221">
    <p class='ocr_par' dir='ltr' id='par_1_1' title="bbox 968 1153 1897 1221">
     <span class='ocr_line' id='line_1_1' title="bbox 968 1153 1897 1221; baseline -0.002 -1"><span class='ocrx_word' id='word_1_1' title='bbox 968 1155 1310 1221; x_wconf 90' lang='lat' dir='ltr'>INDEX</span> <span class='ocrx_word' id='word_1_2' title='bbox 1359 1153 1897 1220; x_wconf 89' lang='lat' dir='ltr'><strong>NOMINUM.</strong></span> 
     </span>
    </p>
   </div>
   <div class='ocr_carea' id='block_1_2' title="bbox 1173 1464 1675 1520">
    <p class='ocr_par' dir='ltr' id='par_1_2' title="bbox 1173 1464 1675 1520">
     <span class='ocr_line' id='line_1_2' title="bbox 1173 1464 1675 1520; baseline 0.002 -4"><span class='ocrx_word' id='word_1_3' title='bbox 1173 1464 1241 1517; x_wconf 93' lang='lat' dir='ltr'>A.</span> <span class='ocrx_word' id='word_1_4' title='bbox 1262 1465 1333 1519; x_wconf 91' lang='lat' dir='ltr'>D.</span> <span class='ocrx_word' id='word_1_5' title='bbox 1361 1464 1675 1520; x_wconf 90' lang='lat' dir='ltr'><strong>MCCXCI.</strong></span> 
     </span>
    </p>
   </div>
   <div class='ocr_carea' id='block_1_3' title="bbox 436 1739 1358 3234">
    <p class='ocr_par' dir='ltr' id='par_1_3' title="bbox 442 1739 1358 1844">
     <span class='ocr_line' id='line_1_3' title="bbox 442 1739 1358 1792; baseline 0.002 -16"><span class='ocrx_word' id='word_1_6' title='bbox 442 1740 660 1785; x_wconf 69' lang='lat' dir='ltr'>Annanou,</span> <span class='ocrx_word' id='word_1_7' title='bbox 694 1739 891 1778; x_wconf 83' lang='lat' dir='ltr'>Johannes</span> <span class='ocrx_word' id='word_1_8' title='bbox 921 1739 1025 1777; x_wconf 91' lang='lat' dir='ltr'>de—</span> <span class='ocrx_word' id='word_1_9' title='bbox 1054 1739 1277 1792; x_wconf 72' lang='lat' dir='ltr'>(burgensis</span> <span class='ocrx_word' id='word_1_10' title='bbox 1308 1741 1358 1778; x_wconf 89' lang='lat' dir='ltr'>de</span> 
     </span>
     <span class='ocr_line' id='line_1_4' title="bbox 496 1794 811 1844; baseline 0 -14"><span class='ocrx_word' id='word_1_11' title='bbox 496 1794 730 1844; x_wconf 86' lang='lat' dir='ltr'>Berewico),</span> <span class='ocrx_word' id='word_1_12' title='bbox 751 1798 811 1830; x_wconf 90' lang='lat'>12.</span> 
     </span>
    </p>

    <p class='ocr_par' dir='ltr' id='par_1_4' title="bbox 440 1847 1356 1945">
     <span class='ocr_line' id='line_1_5' title="bbox 440 1847 1356 1898; baseline 0.001 -14"><span class='ocrx_word' id='word_1_13' title='bbox 440 1847 726 1885; x_wconf 83' lang='lat' dir='ltr'><strong>Aberdonenfis</strong></span> <span class='ocrx_word' id='word_1_14' title='bbox 748 1848 963 1898; x_wconf 85' lang='lat' dir='ltr'>episcopus,</span> <span class='ocrx_word' id='word_1_15' title='bbox 994 1848 1188 1886; x_wconf 87' lang='lat' dir='ltr'>Dominus</span> <span class='ocrx_word' id='word_1_16' title='bbox 1209 1848 1356 1886; x_wconf 85' lang='lat' dir='ltr'>Henri-</span> 
     </span>
     <span class='ocr_line' id='line_1_6' title="bbox 494 1906 785 1945; baseline 0 -8"><span class='ocrx_word' id='word_1_17' title='bbox 494 1913 620 1938; x_wconf 86' lang='lat' dir='ltr'>cus—</span> <span class='ocrx_word' id='word_1_18' title='bbox 638 1906 699 1945; x_wconf 88' lang='lat'>19,</span> <span class='ocrx_word' id='word_1_19' title='bbox 721 1906 785 1939; x_wconf 90' lang='lat'>22.</span> 
     </span>
    </p>

    <p class='ocr_par' dir='ltr' id='par_1_5' title="bbox 440 1954 1299 2000">
     <span class='ocr_line' id='line_1_7' title="bbox 440 1954 1299 2000; baseline 0.001 -10"><span class='ocrx_word' id='word_1_20' title='bbox 440 1954 725 2000; x_wconf 87' lang='lat' dir='ltr'>Abirbrothok,</span> <span class='ocrx_word' id='word_1_21' title='bbox 745 1956 864 1992; x_wconf 86' lang='lat' dir='ltr'>abbas</span> <span class='ocrx_word' id='word_1_22' title='bbox 884 1955 945 2000; x_wconf 86' lang='lat' dir='ltr'>de,</span> <span class='ocrx_word' id='word_1_23' title='bbox 967 1954 1221 1993; x_wconf 85' lang='lat' dir='ltr'>Henricus—</span> <span class='ocrx_word' id='word_1_24' title='bbox 1235 1960 1299 1993; x_wconf 92' lang='lat'>20.</span> 
     </span>
    </p>

    <p class='ocr_par' dir='ltr' id='par_1_6' title="bbox 438 2007 1356 2114">
     <span class='ocr_line' id='line_1_8' title="bbox 438 2007 1356 2058; baseline 0.001 -13"><span class='ocrx_word' id='word_1_25' title='bbox 438 2008 676 2058; x_wconf 86' lang='lat' dir='ltr'>Abrenithy,</span> <span class='ocrx_word' id='word_1_26' title='bbox 731 2008 927 2046; x_wconf 87' lang='lat' dir='ltr'>Dominus</span> <span class='ocrx_word' id='word_1_27' title='bbox 978 2007 1204 2046; x_wconf 86' lang='lat' dir='ltr'><strong>Alexander</strong></span> <span class='ocrx_word' id='word_1_28' title='bbox 1251 2009 1356 2046; x_wconf 84' lang='lat' dir='ltr'><strong>de·-</strong></span> 
     </span>
     <span class='ocr_line' id='line_1_9' title="bbox 496 2061 758 2114; baseline 0 -16"><span class='ocrx_word' id='word_1_29' title='bbox 496 2061 664 2114; x_wconf 88' lang='lat' dir='ltr'>(miles),</span> <span class='ocrx_word' id='word_1_30' title='bbox 698 2061 758 2100; x_wconf 89' lang='lat'>16.</span> 
     </span>
    </p>

    <p class='ocr_par' dir='ltr' id='par_1_7' title="bbox 439 2113 1355 2219">
     <span class='ocr_line' id='line_1_10' title="bbox 439 2113 1355 2166; baseline 0.004 -16"><span class='ocrx_word' id='word_1_31' title='bbox 439 2113 646 2160; x_wconf 79' lang='lat' dir='ltr'>Alureton,</span> <span class='ocrx_word' id='word_1_32' title='bbox 663 2116 856 2153; x_wconf 85' lang='lat' dir='ltr'>Robertus</span> <span class='ocrx_word' id='word_1_33' title='bbox 871 2116 975 2153; x_wconf 91' lang='lat' dir='ltr'>de—</span> <span class='ocrx_word' id='word_1_34' title='bbox 989 2116 1209 2166; x_wconf 87' lang='lat' dir='ltr'>(burgenfis</span> <span class='ocrx_word' id='word_1_35' title='bbox 1224 2116 1355 2154; x_wconf 86' lang='lat' dir='ltr'>Sancti</span> 
     </span>
     <span class='ocr_line' id='line_1_11' title="bbox 493 2167 1030 2219; baseline 0 -14"><span class='ocrx_word' id='word_1_36' title='bbox 493 2167 685 2206; x_wconf 85' lang='lat' dir='ltr'>Johannis</span> <span class='ocrx_word' id='word_1_37' title='bbox 706 2169 755 2206; x_wconf 89' lang='lat' dir='ltr'>de</span> <span class='ocrx_word' id='word_1_38' title='bbox 776 2169 934 2219; x_wconf 88' lang='lat' dir='ltr'><strong><em>Perth),</em></strong></span> <span class='ocrx_word' id='word_1_39' title='bbox 969 2174 1030 2211; x_wconf 89' lang='lat'>17.</span> 
     </span>
    </p>

    <p class='ocr_par' dir='ltr' id='par_1_8' title="bbox 438 2222 1356 2375">
     <span class='ocr_line' id='line_1_12' title="bbox 438 2222 1354 2271; baseline 0.002 -12"><span class='ocrx_word' id='word_1_40' title='bbox 438 2222 611 2271; x_wconf 85' lang='lat' dir='ltr'>Anegos,</span> <span class='ocrx_word' id='word_1_41' title='bbox 632 2235 761 2260; x_wconf 87' lang='lat' dir='ltr'>comes</span> <span class='ocrx_word' id='word_1_42' title='bbox 780 2222 843 2268; x_wconf 89' lang='lat' dir='ltr'>de,</span> <span class='ocrx_word' id='word_1_43' title='bbox 865 2222 1124 2260; x_wconf 85' lang='lat' dir='ltr'>Gilbertus—</span> <span class='ocrx_word' id='word_1_44' title='bbox 1144 2229 1182 2268; x_wconf 86' lang='lat'>9,</span> <span class='ocrx_word' id='word_1_45' title='bbox 1203 2227 1268 2268; x_wconf 88' lang='lat'>32,</span> <span class='ocrx_word' id='word_1_46' title='bbox 1289 2228 1354 2268; x_wconf 84' lang='lat'>35,</span> 
     </span>
     <span class='ocr_line' id='line_1_13' title="bbox 494 2275 1356 2327; baseline 0.001 -15"><span class='ocrx_word' id='word_1_47' title='bbox 494 2275 672 2325; x_wconf 85' lang='lat' dir='ltr'>(Gilbert</span> <span class='ocrx_word' id='word_1_48' title='bbox 687 2284 830 2314; x_wconf 89' lang='lat' dir='ltr'>counte</span> <span class='ocrx_word' id='word_1_49' title='bbox 849 2276 899 2313; x_wconf 91' lang='lat' dir='ltr'>de</span> <span class='ocrx_word' id='word_1_50' title='bbox 918 2277 1113 2327; x_wconf 88' lang='lat' dir='ltr'>Anegos),</span> <span class='ocrx_word' id='word_1_51' title='bbox 1137 2282 1200 2319; x_wconf 88' lang='grc'>37.</span> <span class='ocrx_word' id='word_1_52' title='bbox 1263 2276 1356 2314; x_wconf 86' lang='lat' dir='ltr'><em>Vide</em></span> 
     </span>
     <span class='ocr_line' id='line_1_14' title="bbox 494 2328 1133 2375; baseline 0.002 -9"><span class='ocrx_word' id='word_1_53' title='bbox 494 2328 772 2375; x_wconf 86' lang='lat' dir='ltr'>Umfrauuille,</span> <span class='ocrx_word' id='word_1_54' title='bbox 794 2329 999 2367; x_wconf 83' lang='lat' dir='ltr'>Gilbertus</span> <span class='ocrx_word' id='word_1_55' title='bbox 1017 2330 1133 2367; x_wconf 87' lang='lat' dir='ltr'><strong>de—.</strong></span> 
     </span>
    </p>

    <p class='ocr_par' dir='ltr' id='par_1_9' title="bbox 437 2381 1352 2487">
     <span class='ocr_line' id='line_1_15' title="bbox 437 2381 1352 2434; baseline 0.001 -16"><span class='ocrx_word' id='word_1_56' title='bbox 437 2381 589 2428; x_wconf 79' lang='lat' dir='ltr'><strong>Anker,</strong></span> <span class='ocrx_word' id='word_1_57' title='bbox 609 2383 865 2421; x_wconf 77' lang='lat' dir='ltr'>Johannes-</span> <span class='ocrx_word' id='word_1_58' title='bbox 885 2383 1105 2434; x_wconf 87' lang='lat' dir='ltr'>(burgenfis</span> <span class='ocrx_word' id='word_1_59' title='bbox 1126 2382 1259 2421; x_wconf 85' lang='lat' dir='ltr'><strong>Sancti</strong></span> <span class='ocrx_word' id='word_1_60' title='bbox 1287 2384 1352 2422; x_wconf 90' lang='lat' dir='ltr'>Jo-</span> 
     </span>
     <span class='ocr_line' id='line_1_16' title="bbox 491 2435 957 2487; baseline 0 -15"><span class='ocrx_word' id='word_1_61' title='bbox 491 2435 631 2473; x_wconf 89' lang='lat' dir='ltr'>hannis</span> <span class='ocrx_word' id='word_1_62' title='bbox 651 2437 700 2475; x_wconf 91' lang='lat' dir='ltr'>de</span> <span class='ocrx_word' id='word_1_63' title='bbox 721 2436 873 2487; x_wconf 85' lang='lat' dir='ltr'><strong><em>Perth),</em></strong></span> <span class='ocrx_word' id='word_1_64' title='bbox 897 2441 957 2479; x_wconf 86' lang='lat'>17.</span> 
     </span>
    </p>

    <p class='ocr_par' dir='ltr' id='par_1_10' title="bbox 437 2489 1353 2592">
     <span class='ocr_line' id='line_1_17' title="bbox 437 2489 1353 2534; baseline 0.002 -9"><span class='ocrx_word' id='word_1_65' title='bbox 437 2489 679 2534; x_wconf 86' lang='lat' dir='ltr'><strong>Anstrether,</strong></span> <span class='ocrx_word' id='word_1_66' title='bbox 743 2490 937 2527; x_wconf 87' lang='lat' dir='ltr'>Dominus</span> <span class='ocrx_word' id='word_1_67' title='bbox 996 2489 1196 2528; x_wconf 89' lang='lat' dir='ltr'>Henricus</span> <span class='ocrx_word' id='word_1_68' title='bbox 1248 2490 1353 2527; x_wconf 83' lang='lat' dir='ltr'><strong>de·—</strong></span> 
     </span>
     <span class='ocr_line' id='line_1_18' title="bbox 493 2542 756 2592; baseline 0 -13"><span class='ocrx_word' id='word_1_69' title='bbox 493 2542 662 2592; x_wconf 87' lang='lat' dir='ltr'>(miles),</span> <span class='ocrx_word' id='word_1_70' title='bbox 696 2542 756 2580; x_wconf 91' lang='grc'>16.</span> 
     </span>
    </p>

    <p class='ocr_par' dir='ltr' id='par_1_11' title="bbox 438 2595 1351 2686">
     <span class='ocr_line' id='line_1_19' title="bbox 438 2595 1351 2648; baseline 0.002 -16"><span class='ocrx_word' id='word_1_71' title='bbox 438 2595 607 2641; x_wconf 86' lang='lat' dir='ltr'><strong>Ardern,</strong></span> <span class='ocrx_word' id='word_1_72' title='bbox 625 2595 820 2633; x_wconf 86' lang='lat' dir='ltr'>Dominus</span> <span class='ocrx_word' id='word_1_73' title='bbox 833 2595 1058 2634; x_wconf 87' lang='lat' dir='ltr'><strong>Alexander</strong></span> <span class='ocrx_word' id='word_1_74' title='bbox 1070 2596 1175 2634; x_wconf 93' lang='lat' dir='ltr'>de—</span> <span class='ocrx_word' id='word_1_75' title='bbox 1189 2596 1351 2648; x_wconf 81' lang='lat' dir='ltr'>(miles),</span> 
     </span>
     <span class='ocr_line' id='line_1_20' title="bbox 498 2648 558 2686; baseline 0 -1"><span class='ocrx_word' id='word_1_76' title='bbox 498 2648 558 2686; x_wconf 90' lang='lat'>16.</span> 
     </span>
    </p>

    <p class='ocr_par' dir='ltr' id='par_1_12' title="bbox 436 2701 1350 2806">
     <span class='ocr_line' id='line_1_21' title="bbox 436 2701 1350 2753; baseline 0.001 -14"><span class='ocrx_word' id='word_1_77' title='bbox 436 2701 598 2740; x_wconf 84' lang='lat' dir='ltr'><strong>Athetle</strong></span> <span class='ocrx_word' id='word_1_78' title='bbox 618 2701 839 2753; x_wconf 66' lang='lat' dir='ltr'>[Atholia]</span> <span class='ocrx_word' id='word_1_79' title='bbox 874 2702 1005 2740; x_wconf 86' lang='lat' dir='ltr'>Adam</span> <span class='ocrx_word' id='word_1_80' title='bbox 1034 2702 1138 2740; x_wconf 84' lang='lat' dir='ltr'><strong>de·—</strong></span> <span class='ocrx_word' id='word_1_81' title='bbox 1158 2704 1350 2753; x_wconf 83' lang='lat' dir='ltr'>(burgen-</span> 
     </span>
     <span class='ocr_line' id='line_1_22' title="bbox 490 2755 1224 2806; baseline -0.003 -13"><span class='ocrx_word' id='word_1_82' title='bbox 490 2756 537 2793; x_wconf 88' lang='lat' dir='ltr'>fis</span> <span class='ocrx_word' id='word_1_83' title='bbox 558 2756 690 2793; x_wconf 88' lang='lat' dir='ltr'>Sancti</span> <span class='ocrx_word' id='word_1_84' title='bbox 709 2755 898 2794; x_wconf 85' lang='lat' dir='ltr'>Johannis</span> <span class='ocrx_word' id='word_1_85' title='bbox 919 2756 968 2794; x_wconf 95' lang='lat' dir='ltr'>de</span> <span class='ocrx_word' id='word_1_86' title='bbox 992 2756 1141 2806; x_wconf 80' lang='lat' dir='ltr'><strong><em>Perth),</em></strong></span> <span class='ocrx_word' id='word_1_87' title='bbox 1166 2761 1224 2799; x_wconf 92' lang='lat'>17.</span> 
     </span>
    </p>

    <p class='ocr_par' dir='ltr' id='par_1_13' title="bbox 436 2809 1352 2913">
     <span class='ocr_line' id='line_1_23' title="bbox 436 2809 1352 2859; baseline 0.002 -13"><span class='ocrx_word' id='word_1_88' title='bbox 436 2809 596 2847; x_wconf 86' lang='lat' dir='ltr'>Atholie</span> <span class='ocrx_word' id='word_1_89' title='bbox 615 2822 756 2854; x_wconf 86' lang='lat' dir='ltr'>comes,</span> <span class='ocrx_word' id='word_1_90' title='bbox 775 2809 1026 2847; x_wconf 84' lang='lat' dir='ltr'>Johannes—</span> <span class='ocrx_word' id='word_1_91' title='bbox 1037 2815 1076 2855; x_wconf 89' lang='lat'>9,</span> <span class='ocrx_word' id='word_1_92' title='bbox 1102 2814 1168 2854; x_wconf 89' lang='lat'>27,</span> <span class='ocrx_word' id='word_1_93' title='bbox 1200 2809 1352 2859; x_wconf 81' lang='lat' dir='ltr'>[Johan</span> 
     </span>
     <span class='ocr_line' id='line_1_24' title="bbox 491 2862 1161 2913; baseline -0.001 -13"><span class='ocrx_word' id='word_1_94' title='bbox 491 2871 618 2900; x_wconf 87' lang='lat' dir='ltr'>comte</span> <span class='ocrx_word' id='word_1_95' title='bbox 636 2862 686 2899; x_wconf 92' lang='lat' dir='ltr'>de</span> <span class='ocrx_word' id='word_1_96' title='bbox 704 2862 905 2913; x_wconf 87' lang='lat' dir='ltr'><strong>Atheles],</strong></span> <span class='ocrx_word' id='word_1_97' title='bbox 926 2868 991 2907; x_wconf 91' lang='lat'>29,</span> <span class='ocrx_word' id='word_1_98' title='bbox 1013 2868 1077 2907; x_wconf 82' lang='lat'>35,</span> <span class='ocrx_word' id='word_1_99' title='bbox 1098 2867 1161 2905; x_wconf 83' lang='lat'>37.</span> 
     </span>
    </p>

    <p class='ocr_par' dir='ltr' id='par_1_14' title="bbox 437 2916 1350 2967">
     <span class='ocr_line' id='line_1_25' title="bbox 437 2916 1350 2967; baseline 0.001 -13"><span class='ocrx_word' id='word_1_100' title='bbox 437 2916 918 2961; x_wconf 82' lang='lat' dir='ltr'>Aurifaber‚Henricus--</span> <span class='ocrx_word' id='word_1_101' title='bbox 933 2917 1152 2967; x_wconf 77' lang='lat' dir='ltr'>(burgensis</span> <span class='ocrx_word' id='word_1_102' title='bbox 1167 2916 1217 2955; x_wconf 89' lang='lat' dir='ltr'>de</span> <span class='ocrx_word' id='word_1_103' title='bbox 1233 2916 1350 2955; x_wconf 87' lang='lat' dir='ltr'><strong>Bere-</strong></span> 
     </span>
    </p>

    <p class='ocr_par' dir='ltr' id='par_1_15' title="bbox 491 2969 1349 3234">
     <span class='ocr_line' id='line_1_26' title="bbox 709 2969 925 3015; baseline 0 -9"><span class='ocrx_word' id='word_1_104' title='bbox 709 2969 808 3007; x_wconf 88' lang='lat' dir='ltr'>wico</span> <span class='ocrx_word' id='word_1_105' title='bbox 830 2999 840 3015; x_wconf 91' lang='lat'>,</span> <span class='ocrx_word' id='word_1_106' title='bbox 865 2975 925 3008; x_wconf 89' lang='grc'>12.</span> 
     </span>
     <span class='ocr_line' id='line_1_27' title="bbox 671 2971 1348 3075; baseline 0.001 -15"><span class='ocrx_word' id='word_1_107' title='bbox 671 2971 894 3061; x_wconf 58' lang='lat' dir='ltr'>Jacobais—</span> <span class='ocrx_word' id='word_1_108' title='bbox 915 3023 1134 3075; x_wconf 86' lang='lat' dir='ltr'>(burgenfis</span> <span class='ocrx_word' id='word_1_109' title='bbox 1160 3023 1210 3061; x_wconf 90' lang='lat' dir='ltr'>de</span> <span class='ocrx_word' id='word_1_110' title='bbox 1230 3023 1348 3061; x_wconf 83' lang='lat' dir='ltr'><strong>Bere-</strong></span> 
     </span>
     <span class='ocr_line' id='line_1_28' title="bbox 707 3077 924 3126; baseline 0.005 -14"><span class='ocrx_word' id='word_1_111' title='bbox 707 3077 839 3126; x_wconf 90' lang='lat' dir='ltr'>wico),</span> <span class='ocrx_word' id='word_1_112' title='bbox 864 3081 924 3115; x_wconf 85' lang='lat'>13.</span> 
     </span>
     <span class='ocr_line' id='line_1_29' title="bbox 670 3128 1349 3182; baseline 0.004 -17"><span class='ocrx_word' id='word_1_113' title='bbox 670 3128 958 3168; x_wconf 84' lang='lat' dir='ltr'>Willielmus—</span> <span class='ocrx_word' id='word_1_114' title='bbox 971 3130 1190 3182; x_wconf 87' lang='lat' dir='ltr'>(burgenfis</span> <span class='ocrx_word' id='word_1_115' title='bbox 1217 3130 1349 3168; x_wconf 86' lang='lat' dir='ltr'>Sancti</span> 
     </span>
     <span class='ocr_line' id='line_1_30' title="bbox 491 3181 1009 3234; baseline 0.002 -14"><span class='ocrx_word' id='word_1_116' title='bbox 491 3182 517 3220; x_wconf 88' lang='lat' dir='ltr'>J</span> <span class='ocrx_word' id='word_1_117' title='bbox 520 3181 684 3219; x_wconf 88' lang='lat' dir='ltr'>ohannis</span> <span class='ocrx_word' id='word_1_118' title='bbox 703 3181 753 3219; x_wconf 86' lang='lat' dir='ltr'>de</span> <span class='ocrx_word' id='word_1_119' title='bbox 773 3182 926 3234; x_wconf 83' lang='lat' dir='ltr'><strong><em>Perth),</em></strong></span> <span class='ocrx_word' id='word_1_120' title='bbox 949 3189 1009 3227; x_wconf 92' lang='grc'>17.</span> 
     </span>
    </p>
   </div>
   <div class='ocr_carea' id='block_1_4' title="bbox 436 3044 653 3055">
    <p class='ocr_par' dir='ltr' id='par_1_16' title="bbox 436 3044 653 3055">
     <span class='ocr_line' id='line_1_31' title="bbox 436 3044 653 3055; baseline 0 923"><span class='ocrx_word' id='word_1_121' title='bbox 436 3044 653 3055; x_wconf 95' lang='lat' dir='ltr'> </span> 
     </span>
    </p>
   </div>
   <div class='ocr_carea' id='block_1_5' title="bbox 435 3150 652 3162">
    <p class='ocr_par' dir='ltr' id='par_1_17' title="bbox 435 3150 652 3162">
     <span class='ocr_line' id='line_1_32' title="bbox 435 3150 652 3162; baseline 0 0"><span class='ocrx_word' id='word_1_122' title='bbox 435 3150 652 3162; x_wconf 95' lang='lat' dir='ltr'> </span> 
     </span>
    </p>
   </div>
   <div class='ocr_carea' id='block_1_6' title="bbox 438 3342 1349 3447">
    <p class='ocr_par' dir='ltr' id='par_1_18' title="bbox 438 3342 1349 3447">
     <span class='ocr_line' id='line_1_33' title="bbox 438 3342 1349 3395; baseline 0.004 -16"><span class='ocrx_word' id='word_1_123' title='bbox 438 3343 677 3389; x_wconf 74' lang='grc' dir='ltr'><strong>ΒΑιιοΑιιι,</strong></span> <span class='ocrx_word' id='word_1_124' title='bbox 688 3342 864 3392; x_wconf 84' lang='lat' dir='ltr'>Rogerus</span> <span class='ocrx_word' id='word_1_125' title='bbox 873 3342 977 3380; x_wconf 88' lang='lat' dir='ltr'>de—</span> <span class='ocrx_word' id='word_1_126' title='bbox 993 3344 1349 3395; x_wconf 77' lang='lat' dir='ltr'>(burgenfisSancti</span> 
     </span>
     <span class='ocr_line' id='line_1_34' title="bbox 490 3395 1009 3447; baseline 0 -13"><span class='ocrx_word' id='word_1_127' title='bbox 490 3395 680 3434; x_wconf 80' lang='lat' dir='ltr'>Johannis</span> <span class='ocrx_word' id='word_1_128' title='bbox 700 3395 749 3433; x_wconf 88' lang='lat' dir='ltr'>de</span> <span class='ocrx_word' id='word_1_129' title='bbox 770 3395 922 3447; x_wconf 82' lang='lat' dir='ltr'><strong><em>Perth),</em></strong></span> <span class='ocrx_word' id='word_1_130' title='bbox 947 3401 1009 3439; x_wconf 89' lang='lat'>17.</span> 
     </span>
    </p>
   </div>
   <div class='ocr_carea' id='block_1_7' title="bbox 1499 1738 2411 2647">
    <p class='ocr_par' dir='ltr' id='par_1_19' title="bbox 1499 1738 2410 2052">
     <span class='ocr_line' id='line_1_35' title="bbox 1499 1738 2410 1786; baseline 0.003 -10"><span class='ocrx_word' id='word_1_131' title='bbox 1499 1738 1666 1777; x_wconf 87' lang='lat' dir='ltr'>Balliolo</span> <span class='ocrx_word' id='word_1_132' title='bbox 1680 1740 1860 1778; x_wconf 85' lang='lat' dir='ltr'>dominus</span> <span class='ocrx_word' id='word_1_133' title='bbox 1870 1739 2076 1786; x_wconf 80' lang='lat' dir='ltr'>Galwidie,</span> <span class='ocrx_word' id='word_1_134' title='bbox 2093 1740 2292 1779; x_wconf 68' lang='lat' dir='ltr'>,Iohannes</span> <span class='ocrx_word' id='word_1_135' title='bbox 2307 1741 2410 1779; x_wconf 78' lang='lat' dir='ltr'><strong>de—&#39;</strong></span> 
     </span>
     <span class='ocr_line' id='line_1_36' title="bbox 1746 1793 2409 1845; baseline 0.003 -15"><span class='ocrx_word' id='word_1_136' title='bbox 1746 1793 1890 1842; x_wconf 81' lang='lat' dir='ltr'>(Johan</span> <span class='ocrx_word' id='word_1_137' title='bbox 1927 1793 1976 1831; x_wconf 90' lang='lat' dir='ltr'>de</span> <span class='ocrx_word' id='word_1_138' title='bbox 2010 1794 2147 1832; x_wconf 85' lang='lat' dir='ltr'>Baillol</span> <span class='ocrx_word' id='word_1_139' title='bbox 2174 1794 2327 1845; x_wconf 89' lang='lat' dir='ltr'>seignor</span> <span class='ocrx_word' id='word_1_140' title='bbox 2360 1795 2409 1832; x_wconf 89' lang='lat' dir='ltr'>de</span> 
     </span>
     <span class='ocr_line' id='line_1_37' title="bbox 1744 1846 2410 1898; baseline 0.005 -15"><span class='ocrx_word' id='word_1_141' title='bbox 1744 1846 1948 1898; x_wconf 87' lang='lat' dir='ltr'>Gaweye),</span> <span class='ocrx_word' id='word_1_142' title='bbox 1989 1852 2025 1893; x_wconf 91' lang='lat'>5,</span> <span class='ocrx_word' id='word_1_143' title='bbox 2064 1846 2101 1893; x_wconf 88' lang='lat'>6,</span> <span class='ocrx_word' id='word_1_144' title='bbox 2146 1855 2184 1893; x_wconf 91' lang='lat'>9,</span> <span class='ocrx_word' id='word_1_145' title='bbox 2219 1854 2284 1893; x_wconf 90' lang='lat'>21,</span> <span class='ocrx_word' id='word_1_146' title='bbox 2323 1848 2410 1897; x_wconf 87' lang='lat' dir='ltr'><strong>(rex</strong></span> 
     </span>
     <span class='ocr_line' id='line_1_38' title="bbox 1747 1900 2409 1951; baseline 0.005 -14"><span class='ocrx_word' id='word_1_147' title='bbox 1747 1900 1912 1951; x_wconf 83' lang='lat' dir='ltr'>scocie),</span> <span class='ocrx_word' id='word_1_148' title='bbox 1944 1906 2012 1948; x_wconf 83' lang='lat'><strong><em>23,</em></strong></span> <span class='ocrx_word' id='word_1_149' title='bbox 2043 1906 2108 1946; x_wconf 79' lang='lat'><strong><em>24,</em></strong></span> <span class='ocrx_word' id='word_1_150' title='bbox 2139 1908 2205 1946; x_wconf 92' lang='lat'>25,</span> <span class='ocrx_word' id='word_1_151' title='bbox 2239 1901 2306 1945; x_wconf 88' lang='lat'>26,</span> <span class='ocrx_word' id='word_1_152' title='bbox 2344 1907 2409 1946; x_wconf 88' lang='lat'>27,</span> 
     </span>
     <span class='ocr_line' id='line_1_39' title="bbox 1745 1958 2409 2001; baseline 0.002 -10"><span class='ocrx_word' id='word_1_153' title='bbox 1745 1958 1810 1998; x_wconf 84' lang='grc'>28,</span> <span class='ocrx_word' id='word_1_154' title='bbox 1832 1959 1896 2000; x_wconf 91' lang='grc'>29,</span> <span class='ocrx_word' id='word_1_155' title='bbox 1918 1959 1982 1999; x_wconf 86' lang='lat'>30,</span> <span class='ocrx_word' id='word_1_156' title='bbox 2005 1959 2069 1999; x_wconf 87' lang='lat'><strong><em>33,</em></strong></span> <span class='ocrx_word' id='word_1_157' title='bbox 2090 1961 2154 2001; x_wconf 87' lang='lat'>35,</span> <span class='ocrx_word' id='word_1_158' title='bbox 2172 1960 2235 2000; x_wconf 87' lang='lat'><strong><em>37,</em></strong></span> <span class='ocrx_word' id='word_1_159' title='bbox 2258 1961 2322 1999; x_wconf 79' lang='lat'><strong><em>39,</em></strong></span> <span class='ocrx_word' id='word_1_160' title='bbox 2345 1960 2409 1999; x_wconf 83' lang='lat'>44,</span> 
     </span>
     <span class='ocr_line' id='line_1_40' title="bbox 1746 2012 2067 2052; baseline 0 -8"><span class='ocrx_word' id='word_1_161' title='bbox 1746 2013 1810 2052; x_wconf 88' lang='lat'>45,</span> <span class='ocrx_word' id='word_1_162' title='bbox 1832 2012 1896 2052; x_wconf 83' lang='lat'><strong><em>49,</em></strong></span> <span class='ocrx_word' id='word_1_163' title='bbox 1919 2012 1982 2052; x_wconf 89' lang='grc'>52,</span> <span class='ocrx_word' id='word_1_164' title='bbox 2005 2013 2067 2046; x_wconf 82' lang='grc'>54.</span> 
     </span>
    </p>

    <p class='ocr_par' dir='ltr' id='par_1_20' title="bbox 1554 2060 2410 2320">
     <span class='ocr_line' id='line_1_41' title="bbox 1682 2060 2409 2110; baseline 0 -12"><span class='ocrx_word' id='word_1_165' title='bbox 1682 2060 1875 2098; x_wconf 87' lang='lat' dir='ltr'>Dominus</span> <span class='ocrx_word' id='word_1_166' title='bbox 1896 2061 2118 2099; x_wconf 85' lang='lat' dir='ltr'><strong>Alexander</strong></span> <span class='ocrx_word' id='word_1_167' title='bbox 2141 2062 2245 2099; x_wconf 92' lang='lat' dir='ltr'>de—</span> <span class='ocrx_word' id='word_1_168' title='bbox 2265 2061 2409 2110; x_wconf 86' lang='lat' dir='ltr'>(came-</span> 
     </span>
     <span class='ocr_line' id='line_1_42' title="bbox 1555 2114 2410 2165; baseline 0.001 -15"><span class='ocrx_word' id='word_1_169' title='bbox 1555 2115 1679 2152; x_wconf 87' lang='lat' dir='ltr'>rarius</span> <span class='ocrx_word' id='word_1_170' title='bbox 1696 2114 1861 2165; x_wconf 83' lang='lat' dir='ltr'>scocie),</span> <span class='ocrx_word' id='word_1_171' title='bbox 1877 2121 1915 2159; x_wconf 90' lang='lat'>9,</span> <span class='ocrx_word' id='word_1_172' title='bbox 1940 2114 2140 2163; x_wconf 88' lang='lat' dir='ltr'>(dominus</span> <span class='ocrx_word' id='word_1_173' title='bbox 2168 2115 2217 2152; x_wconf 91' lang='lat' dir='ltr'>de</span> <span class='ocrx_word' id='word_1_174' title='bbox 2238 2114 2410 2152; x_wconf 88' lang='lat' dir='ltr'>Cadiou:</span> 
     </span>
     <span class='ocr_line' id='line_1_43' title="bbox 1554 2167 2410 2219; baseline 0 -15"><span class='ocrx_word' id='word_1_175' title='bbox 1554 2168 1603 2205; x_wconf 91' lang='lat' dir='ltr'>fic</span> <span class='ocrx_word' id='word_1_176' title='bbox 1623 2168 1664 2205; x_wconf 91' lang='lat' dir='ltr'>in</span> <span class='ocrx_word' id='word_1_177' title='bbox 1686 2167 1859 2214; x_wconf 66' lang='lat' dir='ltr'>Rotulo‚—</span> <span class='ocrx_word' id='word_1_178' title='bbox 1871 2168 1937 2205; x_wconf 91' lang='lat' dir='ltr'>sed</span> <span class='ocrx_word' id='word_1_179' title='bbox 1962 2167 2175 2219; x_wconf 66' lang='lat' dir='ltr'>mendose),</span> <span class='ocrx_word' id='word_1_180' title='bbox 2205 2172 2270 2212; x_wconf 84' lang='lat'>23,</span> <span class='ocrx_word' id='word_1_181' title='bbox 2306 2167 2410 2216; x_wconf 89' lang='lat' dir='ltr'>(Ali-</span> 
     </span>
     <span class='ocr_line' id='line_1_44' title="bbox 1554 2220 2410 2272; baseline 0 -14"><span class='ocrx_word' id='word_1_182' title='bbox 1554 2221 1692 2258; x_wconf 82' lang='lat' dir='ltr'>sandre</span> <span class='ocrx_word' id='word_1_183' title='bbox 1725 2221 1774 2258; x_wconf 91' lang='lat' dir='ltr'>de</span> <span class='ocrx_word' id='word_1_184' title='bbox 1808 2221 1947 2258; x_wconf 83' lang='lat' dir='ltr'>Baillol</span> <span class='ocrx_word' id='word_1_185' title='bbox 1974 2220 2127 2271; x_wconf 90' lang='lat' dir='ltr'>seignor</span> <span class='ocrx_word' id='word_1_186' title='bbox 2155 2221 2205 2259; x_wconf 89' lang='lat' dir='ltr'>de</span> <span class='ocrx_word' id='word_1_187' title='bbox 2233 2222 2410 2272; x_wconf 83' lang='lat' dir='ltr'><strong><em>Caures),</em></strong></span> 
     </span>
     <span class='ocr_line' id='line_1_45' title="bbox 1556 2279 1965 2320; baseline -0.002 -8"><span class='ocrx_word' id='word_1_188' title='bbox 1556 2280 1620 2320; x_wconf 76' lang='lat'><strong><em>27,</em></strong></span> <span class='ocrx_word' id='word_1_189' title='bbox 1642 2280 1707 2319; x_wconf 72' lang='lat'><strong><em>29,</em></strong></span> <span class='ocrx_word' id='word_1_190' title='bbox 1729 2279 1794 2319; x_wconf 87' lang='lat'>33,</span> <span class='ocrx_word' id='word_1_191' title='bbox 1816 2280 1880 2319; x_wconf 87' lang='lat'>35,</span> <span class='ocrx_word' id='word_1_192' title='bbox 1902 2279 1965 2317; x_wconf 83' lang='grc'><strong>37.</strong></span> 
     </span>
    </p>

    <p class='ocr_par' dir='ltr' id='par_1_21' title="bbox 1502 2327 2411 2426">
     <span class='ocr_line' id='line_1_46' title="bbox 1502 2327 2411 2378; baseline 0 -12"><span class='ocrx_word' id='word_1_193' title='bbox 1502 2327 1688 2373; x_wconf 88' lang='lat' dir='ltr'>Balncrif,</span> <span class='ocrx_word' id='word_1_194' title='bbox 1708 2328 1889 2378; x_wconf 87' lang='lat' dir='ltr'>magister</span> <span class='ocrx_word' id='word_1_195' title='bbox 1914 2328 2054 2366; x_wconf 88' lang='lat' dir='ltr'>domus</span> <span class='ocrx_word' id='word_1_196' title='bbox 2077 2327 2139 2372; x_wconf 87' lang='lat' dir='ltr'>de,</span> <span class='ocrx_word' id='word_1_197' title='bbox 2163 2327 2411 2366; x_wconf 88' lang='lat' dir='ltr'><strong>Walterus—</strong></span> 
     </span>
     <span class='ocr_line' id='line_1_47' title="bbox 1559 2387 1619 2426; baseline -0.033 -7"><span class='ocrx_word' id='word_1_198' title='bbox 1559 2387 1619 2426; x_wconf 89' lang='lat'>19.</span> 
     </span>
    </p>

    <p class='ocr_par' dir='ltr' id='par_1_22' title="bbox 1502 2434 2409 2539">
     <span class='ocr_line' id='line_1_48' title="bbox 1502 2434 2409 2486; baseline -0.001 -14"><span class='ocrx_word' id='word_1_199' title='bbox 1502 2434 1778 2481; x_wconf 72' lang='lat' dir='ltr'>Bai-tholomei,</span> <span class='ocrx_word' id='word_1_200' title='bbox 1818 2435 2004 2486; x_wconf 85' lang='lat' dir='ltr'>Magister</span> <span class='ocrx_word' id='word_1_201' title='bbox 2051 2436 2282 2485; x_wconf 87' lang='lat' dir='ltr'>Rogerus—</span> <span class='ocrx_word' id='word_1_202' title='bbox 2297 2435 2409 2484; x_wconf 91' lang='lat' dir='ltr'>(bur-</span> 
     </span>
     <span class='ocr_line' id='line_1_49' title="bbox 1552 2488 2254 2539; baseline -0.001 -13"><span class='ocrx_word' id='word_1_203' title='bbox 1552 2488 1678 2539; x_wconf 86' lang='lat' dir='ltr'><strong>genfis</strong></span> <span class='ocrx_word' id='word_1_204' title='bbox 1697 2488 1747 2526; x_wconf 94' lang='lat' dir='ltr'>de</span> <span class='ocrx_word' id='word_1_205' title='bbox 1769 2489 1999 2539; x_wconf 86' lang='lat' dir='ltr'>Berewico),</span> <span class='ocrx_word' id='word_1_206' title='bbox 2024 2494 2085 2533; x_wconf 94' lang='lat'>12,</span> <span class='ocrx_word' id='word_1_207' title='bbox 2106 2493 2170 2533; x_wconf 88' lang='lat'>30,</span> <span class='ocrx_word' id='word_1_208' title='bbox 2191 2493 2254 2526; x_wconf 86' lang='lat'>32.</span> 
     </span>
    </p>

    <p class='ocr_par' dir='ltr' id='par_1_23' title="bbox 1499 2541 2409 2592">
     <span class='ocr_line' id='line_1_50' title="bbox 1499 2541 2409 2592; baseline 0 -14"><span class='ocrx_word' id='word_1_209' title='bbox 1499 2541 1657 2586; x_wconf 82' lang='lat' dir='ltr'><strong><em>Barton,</em></strong></span> <span class='ocrx_word' id='word_1_210' title='bbox 1678 2541 1808 2580; x_wconf 82' lang='lat' dir='ltr'>Adam</span> <span class='ocrx_word' id='word_1_211' title='bbox 1838 2542 1942 2580; x_wconf 90' lang='lat' dir='ltr'>de—</span> <span class='ocrx_word' id='word_1_212' title='bbox 1957 2541 2175 2592; x_wconf 87' lang='lat' dir='ltr'>(burgenfis</span> <span class='ocrx_word' id='word_1_213' title='bbox 2209 2541 2258 2578; x_wconf 92' lang='lat' dir='ltr'>de</span> <span class='ocrx_word' id='word_1_214' title='bbox 2291 2541 2409 2578; x_wconf 86' lang='lat' dir='ltr'><strong>Bere-</strong></span> 
     </span>
    </p>

    <p class='ocr_par' dir='ltr' id='par_1_24' title="bbox 1721 2595 1940 2647">
     <span class='ocr_line' id='line_1_51' title="bbox 1721 2595 1940 2647; baseline -0.005 -15"><span class='ocrx_word' id='word_1_215' title='bbox 1721 2595 1856 2647; x_wconf 87' lang='lat' dir='ltr'>wico),</span> <span class='ocrx_word' id='word_1_216' title='bbox 1880 2600 1940 2632; x_wconf 92' lang='lat'>12.</span> 
     </span>
    </p>
   </div>
   <div class='ocr_carea' id='block_1_8' title="bbox 1501 2082 1662 2092">
    <p class='ocr_par' dir='ltr' id='par_1_25' title="bbox 1501 2082 1662 2092">
     <span class='ocr_line' id='line_1_52' title="bbox 1501 2082 1662 2092; baseline 0 0"><span class='ocrx_word' id='word_1_217' title='bbox 1501 2082 1662 2092; x_wconf 95' lang='lat' dir='ltr'> </span> 
     </span>
    </p>
   </div>
   <div class='ocr_carea' id='block_1_9' title="bbox 1501 2670 1606 2679">
    <p class='ocr_par' dir='ltr' id='par_1_26' title="bbox 1501 2670 1606 2679">
     <span class='ocr_line' id='line_1_53' title="bbox 1501 2670 1606 2679; baseline 0 0"><span class='ocrx_word' id='word_1_218' title='bbox 1501 2670 1606 2679; x_wconf 95' lang='lat' dir='ltr'> </span> 
     </span>
    </p>
   </div>
   <div class='ocr_carea' id='block_1_10' title="bbox 1498 2647 2410 2858">
    <p class='ocr_par' dir='ltr' id='par_1_27' title="bbox 1498 2647 2410 2858">
     <span class='ocr_line' id='line_1_54' title="bbox 1609 2647 2410 2698; baseline -0.001 -12"><span class='ocrx_word' id='word_1_219' title='bbox 1609 2671 1655 2678; x_wconf 95' lang='lat'>--</span> <span class='ocrx_word' id='word_1_220' title='bbox 1675 2650 1867 2687; x_wconf 87' lang='lat' dir='ltr'>Robertus</span> <span class='ocrx_word' id='word_1_221' title='bbox 1881 2648 1985 2686; x_wconf 92' lang='lat' dir='ltr'>de—</span> <span class='ocrx_word' id='word_1_222' title='bbox 2001 2648 2219 2698; x_wconf 87' lang='lat' dir='ltr'>(burgenfis</span> <span class='ocrx_word' id='word_1_223' title='bbox 2230 2647 2280 2685; x_wconf 88' lang='lat' dir='ltr'>de</span> <span class='ocrx_word' id='word_1_224' title='bbox 2293 2647 2410 2685; x_wconf 85' lang='lat' dir='ltr'><strong>Bere-</strong></span> 
     </span>
     <span class='ocr_line' id='line_1_55' title="bbox 1552 2701 1768 2751; baseline 0.005 -13"><span class='ocrx_word' id='word_1_225' title='bbox 1552 2701 1684 2751; x_wconf 90' lang='lat' dir='ltr'>wico),</span> <span class='ocrx_word' id='word_1_226' title='bbox 1708 2707 1768 2739; x_wconf 89' lang='lat'>12.</span> 
     </span>
     <span class='ocr_line' id='line_1_56' title="bbox 1498 2753 2404 2805; baseline 0.001 -14"><span class='ocrx_word' id='word_1_227' title='bbox 1498 2754 1657 2799; x_wconf 81' lang='lat' dir='ltr'>Bataile,</span> <span class='ocrx_word' id='word_1_228' title='bbox 1702 2755 1926 2792; x_wconf 86' lang='lat' dir='ltr'>Thomas—</span> <span class='ocrx_word' id='word_1_229' title='bbox 1948 2753 2165 2805; x_wconf 69' lang='lat' dir='ltr'>(burgensis</span> <span class='ocrx_word' id='word_1_230' title='bbox 2193 2753 2242 2791; x_wconf 87' lang='lat' dir='ltr'>de</span> <span class='ocrx_word' id='word_1_231' title='bbox 2287 2753 2404 2792; x_wconf 87' lang='lat' dir='ltr'><strong>Bere-</strong></span> 
     </span>
     <span class='ocr_line' id='line_1_57' title="bbox 1552 2807 2293 2858; baseline -0.003 -14"><span class='ocrx_word' id='word_1_232' title='bbox 1552 2807 1683 2858; x_wconf 87' lang='lat' dir='ltr'>wico),</span> <span class='ocrx_word' id='word_1_233' title='bbox 1707 2813 1767 2846; x_wconf 88' lang='lat'>13.</span> <span class='ocrx_word' id='word_1_234' title='bbox 2291 2826 2293 2828; x_wconf 31' lang='grc' dir='ltr'><em>ν</em></span> 
     </span>
    </p>
   </div>
   <div class='ocr_carea' id='block_1_11' title="bbox 1495 2860 2406 3448">
    <p class='ocr_par' dir='ltr' id='par_1_28' title="bbox 1497 2860 2404 2965">
     <span class='ocr_line' id='line_1_58' title="bbox 1497 2860 2404 2912; baseline 0.001 -15"><span class='ocrx_word' id='word_1_235' title='bbox 1497 2860 1618 2905; x_wconf 89' lang='lat' dir='ltr'><strong>Belle,</strong></span> <span class='ocrx_word' id='word_1_236' title='bbox 1640 2861 1926 2899; x_wconf 82' lang='lat' dir='ltr'>Malcolmus—</span> <span class='ocrx_word' id='word_1_237' title='bbox 1946 2862 2164 2912; x_wconf 87' lang='lat' dir='ltr'>(burgenfis</span> <span class='ocrx_word' id='word_1_238' title='bbox 2184 2860 2316 2900; x_wconf 80' lang='lat' dir='ltr'>Sancti</span> <span class='ocrx_word' id='word_1_239' title='bbox 2334 2861 2404 2899; x_wconf 89' lang='lat' dir='ltr'>Jo-</span> 
     </span>
     <span class='ocr_line' id='line_1_59' title="bbox 1550 2913 2015 2965; baseline 0.006 -15"><span class='ocrx_word' id='word_1_240' title='bbox 1550 2913 1691 2952; x_wconf 82' lang='lat' dir='ltr'>hannis</span> <span class='ocrx_word' id='word_1_241' title='bbox 1709 2915 1758 2952; x_wconf 90' lang='lat' dir='ltr'>de</span> <span class='ocrx_word' id='word_1_242' title='bbox 1779 2915 1929 2965; x_wconf 83' lang='lat' dir='ltr'><strong><em>Perth),</em></strong></span> <span class='ocrx_word' id='word_1_243' title='bbox 1953 2920 2001 2958; x_wconf 89' lang='lat'>17</span> <span class='ocrx_word' id='word_1_244' title='bbox 2005 2943 2015 2954; x_wconf 93' lang='lat'><strong>.</strong></span> 
     </span>
    </p>

    <p class='ocr_par' dir='ltr' id='par_1_29' title="bbox 1498 2967 2406 3020">
     <span class='ocr_line' id='line_1_60' title="bbox 1498 2967 2406 3020; baseline 0.001 -16"><span class='ocrx_word' id='word_1_245' title='bbox 1498 2967 1696 3006; x_wconf 86' lang='lat' dir='ltr'>Berewico</span> <span class='ocrx_word' id='word_1_246' title='bbox 1717 2968 1963 3020; x_wconf 87' lang='lat' dir='ltr'><strong>(Berewyk),</strong></span> <span class='ocrx_word' id='word_1_247' title='bbox 1983 2969 2146 3007; x_wconf 89' lang='lat' dir='ltr'>clericus</span> <span class='ocrx_word' id='word_1_248' title='bbox 2164 2969 2226 3015; x_wconf 88' lang='lat' dir='ltr'>de,</span> <span class='ocrx_word' id='word_1_249' title='bbox 2259 2969 2406 3007; x_wconf 84' lang='lat' dir='ltr'>Johan-</span> 
     </span>
    </p>

    <p class='ocr_par' dir='ltr' id='par_1_30' title="bbox 1712 3022 2403 3072">
     <span class='ocr_line' id='line_1_61' title="bbox 1712 3022 2403 3072; baseline 0 -13"><span class='ocrx_word' id='word_1_250' title='bbox 1712 3035 1809 3061; x_wconf 78' lang='lat' dir='ltr'><strong>nes-</strong></span> <span class='ocrx_word' id='word_1_251' title='bbox 1822 3023 2041 3072; x_wconf 82' lang='lat' dir='ltr'>(burgenfis</span> <span class='ocrx_word' id='word_1_252' title='bbox 2053 3022 2358 3072; x_wconf 83' lang='lat' dir='ltr'>deBerewico),1</span> <span class='ocrx_word' id='word_1_253' title='bbox 2366 3027 2403 3060; x_wconf 92' lang='lat'>2.</span> 
     </span>
    </p>

    <p class='ocr_par' dir='ltr' id='par_1_31' title="bbox 1549 3075 2402 3182">
     <span class='ocr_line' id='line_1_62' title="bbox 1729 3075 2402 3127; baseline -0.001 -13"><span class='ocrx_word' id='word_1_254' title='bbox 1729 3076 1893 3114; x_wconf 82' lang='lat' dir='ltr'>clericus</span> <span class='ocrx_word' id='word_1_255' title='bbox 1905 3076 1967 3122; x_wconf 89' lang='lat' dir='ltr'>de,</span> <span class='ocrx_word' id='word_1_256' title='bbox 1980 3076 2273 3114; x_wconf 86' lang='lat' dir='ltr'>Willielmus—</span> <span class='ocrx_word' id='word_1_257' title='bbox 2287 3075 2402 3127; x_wconf 86' lang='lat' dir='ltr'>(bur-</span> 
     </span>
     <span class='ocr_line' id='line_1_63' title="bbox 1549 3129 2080 3182; baseline -0.004 -13"><span class='ocrx_word' id='word_1_258' title='bbox 1549 3130 1674 3182; x_wconf 88' lang='lat' dir='ltr'><strong>genfis</strong></span> <span class='ocrx_word' id='word_1_259' title='bbox 1692 3130 1743 3167; x_wconf 93' lang='lat' dir='ltr'>de</span> <span class='ocrx_word' id='word_1_260' title='bbox 1762 3129 1992 3180; x_wconf 87' lang='lat' dir='ltr'>Berewico)‚</span> <span class='ocrx_word' id='word_1_261' title='bbox 2019 3135 2080 3168; x_wconf 86' lang='lat'>12.</span> 
     </span>
    </p>

    <p class='ocr_par' dir='ltr' id='par_1_32' title="bbox 1496 3181 2403 3287">
     <span class='ocr_line' id='line_1_64' title="bbox 1496 3181 2403 3234; baseline -0.002 -12"><span class='ocrx_word' id='word_1_262' title='bbox 1496 3184 1654 3229; x_wconf 87' lang='lat' dir='ltr'><strong>Berkle,</strong></span> <span class='ocrx_word' id='word_1_263' title='bbox 1675 3183 1881 3234; x_wconf 88' lang='lat' dir='ltr'>Philippus</span> <span class='ocrx_word' id='word_1_264' title='bbox 1909 3182 2011 3220; x_wconf 91' lang='lat' dir='ltr'>de—</span> <span class='ocrx_word' id='word_1_265' title='bbox 2027 3182 2245 3233; x_wconf 87' lang='lat' dir='ltr'>(burgenfis</span> <span class='ocrx_word' id='word_1_266' title='bbox 2271 3181 2403 3220; x_wconf 86' lang='lat' dir='ltr'>Sancti</span> 
     </span>
     <span class='ocr_line' id='line_1_65' title="bbox 1549 3235 2393 3287; baseline -0.007 -11"><span class='ocrx_word' id='word_1_267' title='bbox 1549 3237 1741 3276; x_wconf 83' lang='lat' dir='ltr'>Johannis</span> <span class='ocrx_word' id='word_1_268' title='bbox 1760 3237 1809 3274; x_wconf 89' lang='lat' dir='ltr'>de</span> <span class='ocrx_word' id='word_1_269' title='bbox 1830 3235 1981 3287; x_wconf 77' lang='lat' dir='ltr'><strong><em>perth),</em></strong></span> <span class='ocrx_word' id='word_1_270' title='bbox 2009 3241 2069 3278; x_wconf 85' lang='lat'>17.</span> <span class='ocrx_word' id='word_1_271' title='bbox 2388 3280 2393 3286; x_wconf 37' lang='grc' dir='ltr'><strong><em>Ι</em></strong></span> 
     </span>
    </p>

    <p class='ocr_par' dir='ltr' id='par_1_33' title="bbox 1497 3287 2403 3392">
     <span class='ocr_line' id='line_1_66' title="bbox 1497 3287 2403 3339; baseline -0.004 -10"><span class='ocrx_word' id='word_1_272' title='bbox 1497 3291 1706 3335; x_wconf 85' lang='lat' dir='ltr'>Bernham,</span> <span class='ocrx_word' id='word_1_273' title='bbox 1726 3289 1898 3327; x_wconf 80' lang='lat' dir='ltr'>Domina</span> <span class='ocrx_word' id='word_1_274' title='bbox 1921 3290 2057 3339; x_wconf 86' lang='lat' dir='ltr'><strong>Agnes</strong></span> <span class='ocrx_word' id='word_1_275' title='bbox 2089 3288 2192 3326; x_wconf 85' lang='lat' dir='ltr'>de—</span> <span class='ocrx_word' id='word_1_276' title='bbox 2211 3287 2403 3339; x_wconf 80' lang='lat' dir='ltr'>(prioriffa</span> 
     </span>
     <span class='ocr_line' id='line_1_67' title="bbox 1550 3343 1949 3392; baseline -0.005 -12"><span class='ocrx_word' id='word_1_277' title='bbox 1550 3343 1600 3382; x_wconf 89' lang='lat' dir='ltr'>de</span> <span class='ocrx_word' id='word_1_278' title='bbox 1620 3343 1865 3392; x_wconf 87' lang='lat' dir='ltr'>Berewyco),</span> <span class='ocrx_word' id='word_1_279' title='bbox 1889 3347 1949 3380; x_wconf 93' lang='grc'><strong>11.</strong></span> 
     </span>
    </p>

    <p class='ocr_par' dir='ltr' id='par_1_34' title="bbox 1495 3393 2404 3448">
     <span class='ocr_line' id='line_1_68' title="bbox 1495 3393 2404 3448; baseline -0.003 -14"><span class='ocrx_word' id='word_1_280' title='bbox 1495 3395 2052 3443; x_wconf 83' lang='lat' dir='ltr'>Betune‚DominusRobertus</span> <span class='ocrx_word' id='word_1_281' title='bbox 2062 3393 2357 3448; x_wconf 83' lang='lat' dir='ltr'>de-(miles)‚1</span> <span class='ocrx_word' id='word_1_282' title='bbox 2365 3394 2404 3434; x_wconf 88' lang='lat'>6.</span> 
     </span>
    </p>
   </div>
   <div class='ocr_carea' id='block_1_12' title="bbox 1496 3099 1711 3109">
    <p class='ocr_par' dir='ltr' id='par_1_35' title="bbox 1496 3099 1711 3109">
     <span class='ocr_line' id='line_1_69' title="bbox 1496 3099 1711 3109; baseline 0 869"><span class='ocrx_word' id='word_1_283' title='bbox 1496 3099 1711 3109; x_wconf 95' lang='lat' dir='ltr'> </span> 
     </span>
    </p>
   </div>
  </div>
 </body>
</html>
