3048 3978
1543 409 1638 459 116

633 561 840 609 seruiees
865 573 928 624 qe
951 561 1244 623 apartenent
1266 571 1317 605 as
1339 560 1628 605 tenementz
1651 571 1714 621 qe
1730 555 1815 620 jeo
1837 555 1983 604 cleim
2007 557 2138 606 tenir
2160 557 2224 606 de
2244 559 2297 624 15⁷
2314 573 2326 608 ι
2346 555 2383 606 fi
2406 558 2545 612 Dieu

633 673 716 706 me
751 657 862 706 eide
901 659 929 705 6
970 655 1040 705 les
1084 656 1255 706 Seintz
1277 681 1289 694 ·
1348 654 1434 703 En
1475 654 1843 718 tesmoignance
1881 653 1967 702 des
2006 669 2167 718 queus
2202 653 2366 704 choses
2388 672 2400 705 ι
2420 670 2547 713 nous

634 771 807 804 auoms
843 754 934 803 fait
971 754 1091 803 faire
1132 753 1281 802 cestes
1319 752 1489 801 lettres
1523 757 1720 800 ouertes
1743 750 1918 800 sealees
1941 751 2004 800 de
2026 767 2115 800 nos
2138 752 2274 802 seaus
2293 779 2306 794 ·
2343 753 2549 803 Donees

635 855 662 902 a
686 853 931 919 Berewyk
953 853 1033 901 sur
1050 850 1322 901 Twedetle
1339 827 1450 899 vint
1468 852 1495 898 6
1514 850 1692 898 utisme
1702 850 1820 914 jour
1837 849 2001 898 Daust
2018 850 2101 898 lan
2119 851 2191 899 du
2213 867 2366 916 regne
2387 851 2550 908 nostre

637 952 882 1017 Seigneur
905 951 1008 1001 Roi
1032 931 1313 1014 Dengle‘Pre
1335 947 1602 997 auauntdit
1625 947 1857 997 vintisme
1879 953 2026 1013 quart
2043 976 2054 988 ·

638 1133 779 1194 Item
819 1146 874 1194 A
897 1151 1017 1193 touz
1043 1159 1186 1192 eeaus
1209 1143 1300 1208 qui
1323 1143 1471 1191 eestes
1495 1142 1664 1191 lettres
1683 1148 1887 1191 uerront
1905 1158 1972 1191 ou
1993 1149 2164 1191 orront
2185 1160 2201 1191 l
2217 1143 2253 1192 J
2254 1143 2383 1192 ohan
2396 1142 2550 1197 Abbe

637 1242 700 1290 de
738 1242 1018 1307 Douqquer
1037 1258 1048 1290 ι
1070 1244 1097 1289 6
1134 1241 1181 1289 16
1218 1241 1418 1290 Couent
1457 1239 1520 1288 de
1558 1241 1744 1287 mesme
1781 1239 1828 1287 16
1863 1239 1945 1287 1611
1968 1258 1986 1289 t
2001 1239 2242 1288 Wautier
2287 1240 2441 1289 Abbe
2486 1240 2549 1288 de

636 1339 855 1405 Paffelay
876 1358 892 1388 l
917 1342 944 1387 6
967 1339 1015 1387 16
1040 1339 1240 1388 Couent
1263 1338 1326 1385 de
1346 1338 1531 1385 mesme
1564 1337 1611 1385 le
1632 1337 1689 1384 lu
1716 1355 1733 1385 l
1761 1336 2061 1385 Alisaundre
2098 1337 2224 1385 abbe
2261 1338 2324 1385 de
2347 1338 2550 1403 Tunge-

635 1437 754 1485 land
780 1454 792 1486 l
819 1438 847 1484 ἑ
869 1437 916 1484 16
939 1436 1140 1484 Couent
1162 1435 1225 1482 de
1249 1436 1432 1482 mesme
1454 1434 1502 1482 16
1524 1434 1578 1481 lu
1604 1451 1621 1481 t
1648 1434 1887 1482 Wautier
1925 1435 2051 1482 abbe
2088 1435 2150 1483 de
2175 1435 2507 1483 Dundreinan
2534 1452 2547 1484 ι

642 1538 670 1582 6
691 1534 739 1581 16
765 1534 964 1582 Couent
1001 1533 1064 1580 de
1088 1532 1272 1579 mesme
1293 1531 1340 1578 le
1362 1530 1417 1578 lu
1440 1547 1452 1579 ι
1479 1531 1653 1578 Adam
1692 1530 1817 1578 abbe
1848 1531 1911 1578 de
1936 1531 2105 1580 Seinte
2129 1531 2276 1580 Croiz
2300 1532 2363 1579 de
2385 1532 2554 1580 Eden-

635 1630 799 1694 burgh
825 1647 842 1676 l
867 1632 895 1677 6
918 1629 964 1677 16
989 1629 1190 1677 Couent
1224 1629 1286 1676 de
1311 1629 1495 1675 mesme
1518 1627 1565 1674 16
1587 1626 1642 1675 lu
1670 1644 1686 1673 Ι
1713 1626 1886 1675 Patrik
1908 1626 2034 1675 abbe
2059 1627 2121 1675 de
2146 1627 2508 1676 Cambufkenel
2534 1647 2551 1676 l

636 1730 663 1775 6
686 1727 732 1774 16
757 1727 955 1775 Couent
978 1727 1042 1774 de
1066 1726 1251 1774 mesme
1284 1725 1331 1773 le
1358 1725 1413 1773 lu
1441 1743 1457 1772 t
1483 1724 1680 1772 Gilbert
1715 1724 1841 1772 abbe
1876 1724 1939 1774 de
1974 1724 2143 1772 Kilros
2170 1742 2186 1772 l
2212 1727 2239 1773 6
2272 1725 2320 1772 16
2354 1725 2556 1774 Couent

636 1825 697 1872 de
720 1825 903 1872 mesme
927 1823 974 1872 le
996 1823 1051 1871 lu
1079 1840 1091 1871 ι
1119 1822 1352 1871 William
1378 1822 1504 1870 abbe
1539 1822 1602 1869 de
1628 1822 1769 1871 Seint
1791 1821 1989 1870 Edwad
2013 1822 2076 1869 de
2099 1821 2460 1887 Balmurinagh
2487 1840 2505 1870 t
2527 1825 2555 1871 ἑ

634 1922 681 1969 16
706 1922 905 1971 Couent
927 1922 990 1969 de
1013 1922 1197 1968 mesme
1220 1920 1266 1967 le
1289 1920 1344 1968 lu
1372 1937 1388 1967 t
1413 1918 1558 1967 Rauf
1573 1919 1698 1968 abbe
1723 1919 1786 1966 de
1810 1918 2170 1968 Dunfermelin
2192 1937 2209 1968 l
2233 1922 2260 1969 6
2283 1919 2330 1968 16
2354 1921 2555 1970 Couent

637 2020 698 2067 de
721 2019 905 2068 mesme
926 2017 973 2065 16
995 2018 1051 2066 lu
1076 2035 1094 2065 l
1119 2018 1337 2066 Andreu
1360 2016 1488 2065 abbe
1508 2017 1571 2064 de
1596 2017 1796 2081 Coupre
1821 2034 1837 2065 l
1864 2019 1892 2066 6
1916 2016 1963 2065 16
1989 2017 2188 2066 Couent
2211 1991 2274 2065 de
2301 2019 2485 2067 mesme
2506 2018 2557 2067 16

637 2117 690 2164 lu
718 2135 734 2163 t
760 2116 978 2164 Thomas
1001 2115 1127 2164 abbe
1153 2116 1217 2164 de
1242 2115 1401 2165 Scone
1427 2132 1443 2163 l
1469 2116 1497 2163 6
1519 2114 1566 2162 16
1591 2114 1793 2162 Couent
1826 2114 1889 2162 de
1912 2115 2096 2162 mesme
2118 2114 2166 2163 le
2187 2115 2242 2163 lu
2270 2132 2282 2164 ι
2310 2115 2557 2180 Dungald

638 2214 761 2261 abbe
785 2214 847 2261 de
873 2214 1011 2263 Seint
1035 2214 1159 2262 Boiz
1186 2230 1204 2261 l
1231 2215 1258 2262 6
1281 2212 1329 2261 16
1353 2213 1557 2262 Couent
1591 2212 1654 2260 de
1688 2212 1872 2260 mesme
1905 2211 1952 2260 le
1985 2212 2040 2260 lu
2066 2229 2083 2260 l
2108 2193 2302 2261 Rober'f
2335 2213 2461 2260 abbe
2492 2213 2556 2261 de

640 2311 1007 2360 Holmeoltram
1027 2330 1042 2359 l
1063 2311 1155 2360 ele
1175 2311 1377 2361 Couent
1395 2311 1457 2359 de
1474 2311 1660 2358 mesme
1682 2309 1729 2357 le
1751 2309 1806 2357 lu
1825 2327 1841 2358 t
1857 2310 1894 2358 J
1895 2309 2021 2358 ohan
2042 2310 2167 2358 abbe
2190 2310 2253 2357 de
2267 2310 2522 2358 Neubotle
2538 2329 2555 2358 l

642 2411 669 2457 6
691 2408 738 2455 16
762 2411 955 2457 Couent
978 2410 1040 2457 de
1073 2410 1259 2458 mesme
1280 2408 1327 2456 le
1349 2408 1404 2457 lu
1428 2426 1439 2457 ι
1463 2408 1683 2457 Thomas
1706 2407 1831 2455 abbe
1854 2407 1918 2455 de
1942 2407 2178 2455 Lundors
2199 2425 2216 2455 l
2235 2407 2332 2456 616
2355 2408 2556 2456 Couent

642 2507 705 2554 de
727 2507 910 2555 mesme
932 2507 977 2555 16
1000 2508 1054 2556 lu
1081 2525 1097 2556 l
1123 2506 1344 2556 Bernard
1367 2506 1493 2554 abbe
1525 2506 1589 2554 de
1613 2505 1877 2570 Kilwynin
1906 2522 1918 2554 1
1946 2507 1973 2554 6
1995 2504 2043 2552 16
2066 2505 2266 2554 Couent
2288 2505 2351 2554 de
2373 2506 2558 2554 mesme

642 2604 689 2652 le
711 2604 764 2652 lu
793 2621 804 2653 l
827 2605 971 2653 Brice
1007 2606 1132 2654 abbe
1170 2606 1232 2654 de
1257 2606 1395 2654 Dere
1417 2621 1427 2654 ι
1449 2607 1477 2653 6
1500 2604 1547 2651 16
1571 2604 1772 2654 Couent
1795 2603 1858 2651 de
1881 2603 2065 2651 mesme
2086 2602 2134 2651 16
2156 2603 2210 2652 lu
2231 2620 2248 2651 l
2267 2603 2411 2652 Brice
2432 2603 2558 2652 abbe

644 2702 706 2749 de
730 2703 868 2751 Seint
894 2703 1112 2752 Columb
1138 2722 1155 2751 l
1181 2706 1208 2752 6
1231 2703 1279 2751 16
1300 2703 1506 2761 ‚Couent
1545 2702 1609 2749 de
1644 2702 1829 2750 mesme
1866 2700 1913 2749 le
1943 2700 1998 2749 lu
2035 2701 2169 2750 saluz
2194 2728 2206 2740 ·
2245 2701 2355 2750 Pur
2376 2717 2463 2750 ceo
2481 2717 2560 2766 qe

644 2816 769 2848 nous
791 2802 952 2849 sumes
975 2807 1163 2850 venutz
1189 2802 1216 2849 a
1239 2801 1286 2849 la
1307 2800 1378 2848 foi
1396 2818 1414 2848 s
1430 2801 1458 2848 6
1479 2817 1509 2848 a
1531 2799 1578 2847 la
1601 2798 1813 2848 uolunte
1835 2798 1906 2848 du
1929 2798 2176 2849 tresnoble,
2196 2798 2376 2847 Prince
2395 2799 2558 2847 nostre

651 2896 783 2944 chier
818 2898 1060 2963 Seigneur
1088 2917 1098 2949 ι
1129 2900 1235 2949 Sire
1268 2898 1492 2948 Edward
1528 2915 1616 2964 par
1647 2899 1696 2947 la
1727 2913 1873 2964 grace
1897 2896 2038 2946 Dieu
2067 2913 2080 2945 l
2106 2896 2209 2944 Roi
2231 2877 2515 2960 DenglePre
2541 2912 2554 2945 ι

648 2993 892 3058 Seigneur
915 2995 1131 3045 Dirland
1154 3000 1181 3047 6
1205 3000 1341 3046 Duos
1367 2998 1717 3062 Daquitaigne
1743 3013 1760 3044 l
1783 3011 1911 3044 nous
1943 2998 2274 3059 promettoms
2300 3008 2399 3057 pur
2430 3008 2559 3042 nous

647 3093 674 3139 6
697 3106 794 3154 pur
816 3106 908 3139 nos
931 3092 1221 3143 success'ours
1243 3096 1325 3143 sur
1358 3097 1507 3160 peine
1539 3095 1605 3147 de
1637 3110 1743 3143 cors
1765 3095 1794 3142 6
1817 3092 1990 3142 dauoir
2017 3109 2034 3139 t
2058 3092 2086 3138 ἑ
2109 3090 2191 3139 sur
2211 3090 2325 3155 q‘nt
2346 3105 2410 3155 qe
2431 3105 2560 3139 nous

644 3187 891 3252 peuss'oms
915 3204 1128 3237 encoure
1152 3209 1169 3239 l
1191 3207 1253 3255 qe
1274 3208 1402 3241 nous
1424 3193 1462 3242 li
1483 3193 1747 3243 seruiroms
1768 3190 1886 3239 bien
1907 3190 1937 3237 6
1958 3188 2214 3237 leaument
2236 3193 2408 3236 contre
2430 3193 2563 3236 totes

646 3290 798 3350 gentz
839 3286 930 3351 qui
965 3293 1178 3352 purront
1216 3289 1360 3338 viure
1398 3293 1426 3340 6
1467 3291 1622 3343 morit
1646 3307 1664 3343 ι
1688 3293 1817 3339 totes
1858 3286 1928 3338 l'es
1968 3286 2068 3336 foiz
2106 3301 2170 3352 qe
2204 3301 2332 3355 nous
2354 3285 2568 3335 serr-oms
